4444 5618
432 342 509 408 AD
541 334 772 414 CURV‘AS
798 327 1215 404 INVENIEND'AS
1242 327 1591 403 Aetatem.
1673 349 1701 437 23

312 487 389 594 jam
418 483 656 572 manifestum
676 479 760 577 est,
792 473 863 574 id,
896 473 972 564 sure
998 471 1175 580 adiuncta
1194 474 1428 564 'conditione
1450 485 1469 576 ,'
1492 479 1706 594 nequidem

284 618 286 622 ’
311 629 457 694 nomen
472 599 688 716 quaestionis
711 596 874 702 retinete
893 587 998 704 posse
1020 626 1028 674 :
1060 589 1295 704 perspicuum
1305 597 1408 680 enim
1424 597 1504 700 est,
1525 625 1606 710 quo
1618 601 1704 702 bre·

311 722 400 804 vior
426 715 623 832 magisque
646 713 698 798 ad
721 711 830 798 satum
853 710 1072 816 verticaletn
1090 709 1281 802 ‚accedens
1304 711 1404 800 linea
1422 719 1620 826 capiatur,
1638 747 1705 803 eo

312 833 396 927 sore
420 862 571 948 tempos
596 823 791 924 descensus
814 821 921 938 super
945 849 992 914 ea
1013 826 1181 914 brevius.
1232 824 1506 940 Qramobrem
1533 859 1615 916 non
1634 837 1707 919 ab.

305 949 437 1044 solute
458 953 573 1065 quatri
588 950 716 1063 potest
736 947 864 1046 linea,
888 939 995 1054 super
1019 969 1104 1056 qua
1120 971 1237 1054 grave
1258 940 1495 1038 descendens
1509 951 1708 1040 celerrime

230 1075 253 1084 “
297 1066 377 1158 ‚seu
408 1067 626 1168 breviffimo
653 1090 830 1176 tempore
852 1061 1076 1174 delabatur
1107 1055 1172 1151 sed
1201 1056 1361 1152 abscisse
1390 1071 1615 1177 quantitas,
1646 1071 1709 1160 cui

310 1215 430 1282 ¹curua
462 1183 693 1294 invenienda
725 1175 951 1293 respondeat
984 1239 997 1280 ,
1038 1173 1146 1264 simul
1176 1177 1313 1270 debuit
1343 1181 1527 1280 delinirir
1563 1188 1709 1290 itaut,

312 1309 414 1391 inter
457 1332 594 1394 tannes
643 1323 776 1388 curvas
802 1296 950 1386 ‘eidem
990 1290 1149 1380 abscide
1191 1297 1232 1382 in
1269 1323 1342 1384 axe
1385 1302 1575 1413 positione
1614 1306 1709 1392 dato

312 1419 442 1507 sumta
462 1414 769 1536 respondentes,
801 1439 1027 1530 quereretur
1050 1439 1102 1532 ea
1123 1407 1329 1528 superque
1352 1445 1491 1530 eorpus
1516 1450 1633 1535 grave
1656 1427 1708 1508 ci.

314 1537 447 1624 tiss‘rme
471 1537 724 1622 delaberetur.
767 1529 934 1644 'Neque
953 1558 1048 1616 vero
1070 1532 1108 1614 in
1129 1531 1206 1614 hoc
1223 1527 1470 1624 Problemate
1488 1539 1556 1622 ista
1569 1541 1710 1626 tondi.

309 1659 372 1747 tio
401 1651 606 1743 sufficiebat
635 1652 686 1740 ad
713 1647 755 1736 id
778 1649 1074 1740 determinatum
1102 1647 1378 1736 efficiendum:
1411 1647 1475 1740 sed
1492 1651 1640 1769 insuper
1663 1655 1711 1743 is·

314 1795 393 1858 tam
417 1772 683 1858 conditionem
705 1766 870 1873 adjicere
903 1766 1112 1878 oportuit,
1146 1791 1197 1854 ut,
1224 1793 1340 1850 curva
1380 1771 1612 1862 invenienda
1642 1805 1711 1888 per

310 1890 406 1974 data
423 1888 504 1974 duo
523 1892 660 1997 punita
682 1879 842 1970 transeat
857 1916 870 1974 r
902 1907 1020 1996 atque
1043 1881 1141 1966 illud
1163 1881 1371 1972 Problema
1393 1888 1451 1972 lais
1472 1891 1712 1980 conditioni-

313 2007 388 2097 bus
407 2003 586 2114 adstringi
611 2003 772 2099 debuit,
805 2025 848 2084 ut
868 1999 977 2084 fieret
999 1999 1325 2098 determinatum,
1350 2003 1448 2090 inter
1464 2035 1622 2109 omnes,
1642 2007 1712 2096 sci.

179 2179 182 2188 ·
313 2122 434 2218 licet,
466 2121 584 2203 liaeas
600 2145 736 2202 curvas
753 2145 819 2227 per
839 2116 928 2206 data
949 2117 1031 2198 duo
1050 2119 1187 2224 punita
1216 2113 1448 2206 transeuntes
1477 2152 1561 2212 eam
1585 2126 1713 2214 deter-

311 2241 460 2322 minare
491 2230 598 2346 super
628 2259 706 2347 qua
739 2259 877 2342 corpus
906 2226 1139 2321 descendens
1164 2259 1295 2316 artum
1325 2233 1424 2320 datar
1445 2235 1604 2324 abscissae
1639 2242 1713 2332 res·
1780 2237 1784 2242 ’

298 2353 556 2468 ¹pendentem
589 2347 807 2438 brevissrmo
843 2371 1024 2462 tempore
1059 2344 1246 2432 absolvat.
1308 2345 1463 2443 interim
1493 2381 1624 2444 tamen
1649 2365 1714 2448 hic

313 2469 529 2554 notandum
561 2467 642 2566 est,
664 2467 931 2550 conditionem
961 2464 1136 2548 tranfitus
1165 2494 1234 2579 per
1262 2465 1344 2554 duo
1357 2477 1499 2582 puniit
1528 2503 1609 2558 non
1639 2478 1715 2568 else

316 2583 490 2672 absolute
509 2579 775 2678 necessariam,
806 2575 932 2676 sedin
955 2583 1032 2666 hoc
1051 2579 1299 2668 Problemate
1326 2613 1392 2696 per
1413 2583 1529 2702 ipsam
1553 2587 1715 2684 solutio·

295 2734 406 2800 ,nem
425 2699 500 2790 else
523 2701 681 2784 illatam.
743 2693 786 2782 In
811 2695 1002 2785 solutione
1028 2701 1129 2788 enim
1158 2701 1271 2810 hujus
1296 2697 1550 2792 Problematis
1578 2713 1715 2804 imme-

231 2887 234 2894 .
316 2823 422 2908 <liare
448 2820 664 2930 pervenitur
691 2813 741 2900 ad
768 2819 1024 2928 aequationem
1052 2810 1340 2912 differentiani
1371 2817 1523 2918 secundi
1548 2832 1713 2942 gradus,

313 2967 402 3052 quae
431 2937 492 3020 bis
525 2936 711 3048 integrata
742 2932 836 3018 duas
862 2937 1002 3048 recipit
1028 2937 1243 3021 constantes
1265 2935 1508 3042 arbitrarius,
1538 2947 1592 3034 ¹ad
1619 2979 1716 3062 quas

314 3054 627 3140 determinandas
653 3051 808 3134 duobus
827 3081 925 3164 opus
950 3051 1004 3140 est
1037 3053 1183 3160 punctis
1213 3082 1282 3164 per
1299 3047 1384 3166 quae¹
1405 3083 1522 3146 curva
1540 3065 1715 3156 traduca-

315 3195 407 3270 tur,
439 3170 503 3268 vel
528 3170 610 3254 aliis
634 3165 818 3252 similibus
842 3165 1172 3278 proprietatibus:
1201 3173 1588 3283 atquebaecea'dem
1618 3213 1716 3274 con-

314 3289 453 3386 ditio,
484 3285 589 3400 quas
613 3278 677 3368 sua
709 3277 876 3396 sponte,
908 3283 957 3368 ad
987 3287 1118 3376 omnia
1139 3282 1348 3377 istiusmodi
1372 3283 1621 3398 Problemata
1650 3333 1715 3394 ac.

298 3491 300 3496 .
318 3405 452 3502 cedit,
480 3429 643 3518 ,quarum
661 3395 802 3486 solutio
825 3402 1048 3486 immediate
1069 3402 1121 3488 ad
1140 3406 1396 3516 aquationem
1422 3409 1715 3516 differeprialem

319 3515 470 3606 secundi
488 3519 626 3633 gradus
646 3517 817 3602 deducit.
856 3513 900 3601 ln
919 3515 1230 3605 problematibus
1247 3547 1376 3610 autern
1407 3553 1493 3641 que
1515 3529 1713 3633 resolvam.

315 3661 381 3724 tur
404 3665 472 3748 per
504 3638 763 3748 aequationem
787 3632 1075 3722 differentialem
1106 3640 1231 3750 quarti
1262 3643 1327 3726 vel
1357 3644 1503 3732 altioris
1531 3653 1711 3762 ordinis,

318 3752 528 3868 nequidem
550 3752 632 3862 duo
652 3753 790 3866 puritia
806 3750 857 3840 ad
875 3777 1030 3838 curvam
1048 3752 1377 3844 determinandam
1404 3753 1613 3872 sufficiunt,
1646 3769 1713 3866 sed

318 3895 384 3960 tot
400 3899 499 3982 oppa
514 3871 572 3954 est
591 3871 760 3980 pundis,
794 3893 894 3981 quot
908 3869 1048 3984 gradu
1071 3871 1566 3968 differentialiaobrinent·
1597 3885 1711 3982 Con.

317 4013 378 4076 tra
393 4015 515 4100 vero,
546 3983 573 4068 li
592 3980 733 4104 solutio
752 3985 874 4070 statim
898 3989 949 4072 ad
967 4017 995 4090 κ,
1026 3971 1493 4105 tationem.algebraibam
1513 4009 1712 4122 perducat,

202 4153 208 4160 ·
297 4129 403 4200 ¹turn
424 4102 500 4189 fine
522 4095 740 4210 hujusmodi
765 4016 1218 4222 conditiones‘roblerna
1240 4109 1417 4220 persedit·
1430 4121 1503 4204 erit
1530 4123 1714 4222 deterrui.

296 4247 477 4318 natumr
510 4219 728 4308 dummodo
750 4215 909 4307 abscisse
936 4222 1145 4340 longitudo
1177 4221 1392 4317 definiatur.
1452 4232 1601 4330 Verum
1634 4252 1716 4339 haec

293 4341 452 4456 ⁴orantia
476 4339 611 4446 clarius
626 4332 920 4452 perspicientur,
950 4342 1110 4460 quando
1129 4343 1225 4436 infra
1244 4346 1294 4432 ad
1322 4342 1534 4459 solutiones
1552 4359 1715 4456 Proble.
1858 4409 1860 4414 ·

320 4456 784 4578 matumperreniemus:
817 4458 950 4574 ibique
968 4461 1276 4580 hasnotationep
1292 4463 1404 4576 fusius
1425 4475 1718 4580 explicabimus.

296 4570 405 4680 „Hic
428 4577 534 4668 enim
558 4575 809 4690 in'ptittcipio
834 4577 901 4662 ista
921 4601 1070 4665 tantum
1083 4571 1403 4789 'coAmm'emotare
1421 4581 1547 4676 visum
1566 4595 1641 4696 est,
1678 4633 1727 4702 ut
1865 4589 1873 4599 '

425 4710 429 4718 '
1064 4761 1068 4774 ·
1234 4733 1257 4794 a
1538 4713 1736 4820 perversae
