4292 5602
513 398 589 481 ,30
811 353 908 436 oa
965 351 1579 472 nsulnuartopt

511 519 656 644 semper
685 531 868 644 tanquam
889 507 1120 615 coordinata
1142 503 1418 642 orthogonale
1437 518 1644 646 cujuspiam
1669 502 1907 618 ereverit}

514 651 662 736 siderari
681 647 855 764 possunt:
887 674 1002 762 atque
1025 651 1121 732 hane
1139 649 1194 732 ob
1210 673 1289 730 rem
1309 649 1465 760 quaestio
1483 648 1677 766 proposita
1699 651 1774 736 huc
1787 677 1904 737 revo-

514 794 651 866 catur,
683 793 725 850 ut
754 768 1025 854 determinetur
1051 795 1165 850 curva
1190 757 1377 848 abscissam
1412 767 1559 850 tabens
1577 795 1684 844 =x
1720 771 1759 850 δι
1781 771 1907 880 appli··¹

514 911 636 968 catam
656 921 723 958 =
735 919 789 998 y,
822 888 955 997 inqua
980 888 1087 968 valor
1095 885 1131 994 s
1131 883 1172 965 'Z
1181 885 1266 978 dx,
1293 881 1319 964 sr
1343 882 1393 965 ad
1419 877 1609 966 abscissam
1639 883 1735 967 datae
1757 886 1904 998 magni

514 1004 684 1100 tudinis,
717 1027 807 1110 puta
826 1033 986 1100 xz-za,
1005 1003 1235 1112 applicetur,
1269 998 1334 1083 fiat
1357 1002 1530 1084 omnium
1545 1001 1730 1084 maximus
1752 1003 1816 1084 vel
1826 1004 1904 1084 mi-

514 1121 649 1200 nimus.
717 1113 846 1221 Quod
868 1117 891 1198 fi
919 1143 1045 1202 autem
1071 1113 1277 1199 Problerna
1298 1120 1374 1200 lroc
1400 1115 1523 1201 modo
1540 1138 1903 1228 'proponatur,tum

515 1241 595 1339 ejus
614 1231 755 1314 solutio
782 1236 820 1314 in
839 1234 1140 1343 praecedentibus
1158 1228 1364 1342 Capitibus
1388 1225 1472 1316 satis
1497 1226 1684 1345 superque
1705 1236 1759 1315 est
1785 1235 1903 1318 tradi·

514 1377 565 1431 ta.
630 1347 907 1457 Qramobrem
927 1349 1098 1434 formulae
1117 1348 1319 1460 proposrtae
1315 1351 1359 1452 s
1362 1347 1399 1446 Ζ
1412 1351 1493 1450 dx,
1513 1342 1717 1434 secundum
1736 1345 1904 1436 Metho-

514 1468 588 1550 dos
621 1491 709 1549 ante
733 1465 949 1576 expositas,
982 1470 1065 1579 capi
1094 1488 1251 1575 oportet
1280 1467 1452 1550 valorem
1479 1461 1793 1562 differentIalem,
1833 1467 1904 1580 qui

514 1583 611 1663 data
629 1577 785 1663 abscissa
809 1615 836 1661 x
855 1619 921 1654 z:
934 1613 959 1662 a
977 1583 1206 1680 conveniat,
1229 1575 1333 1692 isque
1357 1583 1479 1666 nihilo
1501 1583 1655 1694 aequalis
1672 1580 1815 1690 postus
1835 1581 1902 1664 da-

515 1700 571 1780 bit
592 1701 847 1808 aquationem
868 1700 964 1781 inter
983 1729 1009 1776 x
1026 1705 1064 1781 &
1085 1733 1110 1810 y
1136 1695 1408 1798 desideratam,
1431 1726 1520 1810 quae
1547 1724 1618 1807 pro
1643 1691 1732 1778 data
1754 1691 1905 1782 abscissa

513 1846 539 1896 x
554 1849 620 1885 z..-
636 1841 684 1911 a,
717 1813 904 1922 producet
934 1813 1105 1899 formula
1116 1809 1263 1933 [de
1295 1815 1503 1902 maximum
1524 1813 1775 1900 mimorumve
1793 1813 1902 1900 valo·

515 1957 607 2014 rem.
671 1926 736 2040 Q
764 1926 810 2018 E.
841 1926 870 2012 l.

967 2126 1320 2234 Couotu
1381 2137 1414 2228 L

576 2388 613 2444 2.
647 2351 980 2479 Methodus,ergo
1009 2381 1098 2446 ante
1120 2353 1260 2444 tradita
1282 2357 1406 2444 musto
1424 2353 1536 2442 latito
1556 2367 1697 2468 patet3
1726 2347 1911 2470 quemad

510 2477 748 2592 ¹aquationes
782 2479 881 2562 inter
908 2472 1153 2562 coordinatas
1179 2503 1377 2562 curvarum
1412 2473 1689 2573 inveniendas,
1720 2500 1764 2560 ut
1800 2491 1906 2587 qua-i

512 2597 616 2706 piam
639 2591 821 2705 expressio
840 2592 992 2702 sde
1016 2591 1084 2676 liat
1109 2595 1319 2679 maximum
1344 2595 1613 2678 minimumve.
1667 2585 1907 2676 'Extenditur

511 2705 654 2793 scilicet
672 2707 721 2791 ad
742 2707 851 2794 binas
875 2703 1117 2822 quascunque
1145 2709 1374 2808 variabiles,
1400 2709 1477 2794 five
1503 2735 1557 2794 eae
1586 2705 1637 2790 ad
1656 2732 1813 2788 curvam
1834 2705 1908 2802 ali-j

510 2853 627 2936 quarn
647 2825 860 3026 perpineant
884 2819 1267 2942 quomodocunque,
1295 2817 1514 2917 siveinsola
1528 2822 1716 2939 analytica
1741 2823 1906 2928 abstraeg'

512 2945 623 3034 tione
646 2969 712 3031 ver
727 2959 849 3028 entur.

963 3147 1472 3274 Couott;1b

579 3393 616 3463 3.
647 3363 748 3450 Inter
767 3364 877 3448 binas
902 3389 1030 3453 autem
1068 3371 1270 3456 variabiles
1304 3365 1515 3481 propositas
1545 3355 1743 3482 discrimen
1772 3361 1907 3480 ingens'

509 3481 748 3579 intercedit,
779 3483 950 3594 eoquod
968 3486 1161 3598 proposita
1181 3483 1346 3570 formula
1361 3481 1439 3592 sZ
1449 3487 1511 3564 dx
1545 3512 1616 3596 pro
1649 3485 1905 3571 determinato

515 3598 687 3714 quodam
705 3597 856 3683 alterius
886 3601 1075 3686 variabilis
1100 3607 1235 3688 valore
1266 3603 1472 3686 maximum
1485 3601 1735 3692 minimumve
1752 3601 1907 3684 obtine-

516 3715 732 3803 redebeat.
791 3709 935 3798 lslhanc
951 3745 1044 3832 ergo
1067 3721 1291 3805 variabilem
1311 3717 1524 3808 constanter
1546 3719 1653 3807 litere
1669 3745 1719 3824 x,
1749 3717 1907 3812 alteram

515 3861 611 3920 vero
634 3837 761 3922 littera
782 3863 807 3944 y
829 3831 1007 3921 denotari
1027 3837 1223 3923 convenit.

956 4043 1455 4138 eouoturn
1548 4103 1551 4111 ·

472 4226 1904 4380 'mmmmmmfflfflffl

518 4421 761 4512 variabilibus
780 4425 985 4541 irnpofitis,
1005 4431 1076 4516 erit
1086 4458 1117 4545 p
1139 4467 1206 4509 τ...-
