4292 5602
280 325 359 394 ao
401 307 630 402 cuuaas
663 307 1089 400 tetrametrum
1129 307 1444 404 Aetolum.
1511 327 1590 429 ηρ

206 460 572 588 studione-ipsam
590 505 640 567 a,
648 505 693 586 y,
703 499 758 585 p,
773 495 875 586 q,t,
892 471 966 558 &a
980 467 1056 559 stae
1076 467 1325 562 deterurinata
1338 474 1591 563 srveindeter-

206 591 361 676 minata.
375 591 535 694 Fundiio
549 619 677 678 autern
687 592 937 676 determinata
948 594 1061 679 nobis
1076 597 1256 706 est,quae‚
1270 594 1445 679 stalicubi
1455 596 1593 680 dentur

207 709 358 795 valores
371 708 578 794 litterarum
590 741 630 808 x,
637 739 676 820 y,
680 737 720 817 p,
731 740 768 819 q,
779 715 881 792 rdtc.
894 703 969 819 ipsa
981 709 1147 822 alsrgnari
1158 713 1305 821 potest,
1322 711 1396 796 stve
1407 712 1594 825 algebrai·

208 850 252 910 ce
262 821 340 912 live
350 820 668 912 transcendenter.
682 824 976 911 Funaroaurem
986 827 1275 914 indeterminata
1284 831 1437 940 est,quae
1451 859 1518 940 per
1528 829 1594 910 da·

208 945 433 1038 tosistarum
445 943 652 1026 litterarum
665 945 829 1040 valeres,
844 970 943 1053 quos
964 971 1044 1028 uno
1058 944 1098 1026 in
1117 945 1208 1027 loco
1226 947 1418 1045 obtinent,
1430 945 1596 1060 assignari

207 1061 368 1172 nequit,
398 1053 463 1144 sed
483 1085 620 1142 omnes
632 1058 782 1143 valores
803 1058 1059 1170 praecedentes
1074 1059 1180 1144 srmul
1200 1061 1387 1160 involvit,
1411 1061 1596 1174 quemad-

208 1175 373 1264 modum
403 1177 480 1261 hoc
511 1175 668 1273 evenit,
708 1175 734 1258 st
758 1173 859 1288 figna
883 1176 1079 1287 integralia
1114 1201 1323 1260 occurrant.
1386 1172 1430 1260 In
1455 1175 1597 1288 Capite

208 1291 325 1404 igitur
346 1283 513 1378 secundo
536 1286 780 1376 Methodum
800 1290 1025 1375 tradidimus
1051 1293 1185 1375 omnia
1218 1289 1464 1378 Problemata
1484 1289 1596 1378 resol-

209 1407 352 1507 vendi,
386 1413 425 1491 in
450 1409 592 1519 quibus
610 1426 646 1489 Z
660 1409 713 1490 est
734 1405 880 1492 sundtio
901 1406 1172 1498 determinant
1200 1409 1241 1492 in
1269 1413 1383 1494 tertio
1404 1438 1500 1520 veto
1524 1412 1599 1493 hoc

210 1518 356 1634 Capite
373 1517 562 1636 persecuti
579 1519 706 1608 sumus
734 1551 798 1609 eas
822 1521 1028 1613 formulas,
1060 1524 1259 1636 inquibus
1285 1543 1340 1623 Z,
1372 1528 1436 1610 vel
1454 1521 1529 1638 ipsa
1548 1528 1601 1611 est

209 1638 356 1725 functio
372 1639 591 1732 indefinita,
624 1642 840 1724 vestalium
865 1667 977 1723 unam
1006 1634 1179 1751 pluresve
1199 1643 1386 1732 involvita
1417 1635 1602 1754 simulque

210 1751 455 1842 Methodum
473 1757 724 1844 exhibuimus
740 1781 811 1865 pto
832 1757 877 1837 iis
891 1755 1058 1853 casrbus,
1090 1757 1229 1870 quibus
1245 1756 1389 1844 functio
1412 1761 1477 1844 illa
1496 1757 1604 1844 inde·

210 1869 320 1955 finita
336 1871 544 1983 nequidem
566 1899 633 1983 per
658 1870 840 1954 formulas
854 1870 1055 1980 integrales
1069 1873 1324 1984 representari
1351 1878 1506 1991 potest,
1537 1904 1603 1960 ve·

212 2014 297 2074 rum
315 1983 585 2072 resolutionem
613 1985 838 2098 aquationis
865 1983 1123 2069 differentialis
1161 1991 1333 2101 requirit.
1394 1987 1517 2079 Nunc
1534 1993 1606 2102 igi-

192 2109 278 2190 '‘t''ur
299 2133 368 2190 eos
395 2098 497 2188 casus
516 2102 765 2201 evolvamus,
797 2099 999 2212 inquibus
1026 2101 1233 2214 exptelsro,
1276 2133 1361 2218 quae
1398 2108 1606 2190 maximum

213 2221 466 2306 minimumve
494 2216 566 2304 else
589 2217 730 2316 debet,
762 2243 842 2301 non
871 2213 1027 2328 fimplex
1050 2219 1104 2302 ell
1123 2217 1286 2304 formula
1317 2220 1532 2336 integralis,
1550 2220 1607 2304 uti
1669 2327 1673 2330 -

213 2331 396 2424 haetenus
425 2331 639 2446 posuimus,
671 2330 735 2416 sed
752 2361 801 2419 ex
830 2333 1003 2442 pluribus
1029 2329 1215 2438 ejusmodi
1259 2335 1432 2424 sormulIs
1470 2362 1608 2422 utcun-

213 2480 295 2566 que
325 2449 573 2562 composrta:
610 2475 729 2563 atque
759 2449 866 2532 fimul
886 2441 1129 2534 Methodum
1157 2454 1368 2563 aperiemus
1407 2453 1511 2560 plura
1534 2454 1612 2536 alia*

111 2657 114 2666 λ
215 2567 485 2768 Problemasta,
517 2597 601 2678 quae
619 2595 700 2652 non
718 2564 767 2652 ad
785 2563 1027 2651 coordinatus
1037 2570 1314 2682 orthogonales
1331 2563 1520 2686 speslant,
1542 2598 1612 2655 εκ·

214 2685 348 2800 pedite
372 2714 413 2772 te
428 2685 600 2773 olvendi.

674 3003 1162 3100 cnuuttu
1318 3077 1320 3080 ,

298 3228 380 3350 De
401 3222 497 3382 Usta
519 3217 744 3350 Methedi
763 3217 977 3335 haelenae
1000 3221 1180 3331 tradita
1202 3225 1253 3330 ia
1275 3215 1534 3366 resolutione

587 3382 720 3488 varii
748 3380 927 3530 generis
952 3370 1252 3528 questionum.

482 3621 871 3715 Prtouosrnto
916 3620 947 3709 1.
985 3618 1336 3712 Paestanas

223 3781 507 3986 2.1Nveaire
532 3793 755 3896 aquationem
776 3792 869 3865 inter
889 3775 993 3862 binas
1014 3778 1208 3862 variabiles
1228 3809 1252 3860 x
1275 3780 1320 3872 (i
1341 3806 1390 3889 y,
1412 3789 1516 3859 itaut
1531 3803 1615 3888 ,pre

364 3903 447 3981 dato
466 3899 569 4008 ipstas
585 3931 611 3982 x
633 3904 774 3994 valere,
795 3923 888 4010 pata
902 3898 1010 4007 postte
1030 3925 1055 3978 x
1072 3921 1171 3978 ==a
1184 3952 1195 3987 ,
1207 3896 1372 4001 farmala
1404 3887 1425 3973 s
1426 3892 1495 3976 Zd
1508 3923 1533 3975 x
1554 3892 1610 3974 ab·

226 4024 340 4102 iiaaeat
359 4022 558 4097 maximam
571 4023 806 4100 minimumve
826 4015 1005 4099 valerem,
1030 4013 1194 4115 exsseate
1211 4013 1245 4090 Z
1251 4009 1436 4116 firne‘siaae
1460 4008 1613 4122 {asarum

226 4161 277 4238 x,
299 4162 349 4251 y,
377 4161 426 4248 p,
452 4156 503 4243 q,
523 4156 563 4228 r,
589 4129 666 4222 ἀι.
672 4131 754 4238 srv'e
773 4132 1008 4211 determinata
1014 4123 1096 4234 five
1121 4128 1401 4209 indeterminata.

684 4277 1166 4354 SOLUTIO.

285 4409 347 4496 Err
369 4431 598 4530 quacunque
624 4400 925 4502 consideratione
948 4399 1150 4495 variabiles
1180 4429 1209 4482 x
1226 4403 1304 4513 &y
1324 4398 1393 4491 sint
1409 4423 1531 4494 nate,
1560 4425 1614 4478 eae

288 4521 418 4644 Euleti
447 4529 508 4616 De
530 4523 649 4616 Max.
667 4524 713 4621 ά
731 4517 837 4610 Mla
1147 4513 1192 4609 R
1306 4525 1314 4533 '
1472 4508 1615 4622 semper
