4284 5600
387 517 561 601 rear.
623 531 718 604 rr
771 535 938 606 urm
998 483 1458 621 re'zarrrr.
1589 555 1670 642 233

709 701 1229 778 SCHOLION.

339 867 402 948 14.
436 829 494 921 Ex
520 835 590 918 hac
608 816 877 949 propositione
898 839 975 948 jam
995 833 1302 958 sarispcrcipitur
1322 841 1541 946 Methodus
1565 851 1678 942 resol-

274 954 396 1042 vendi
417 941 604 1060 ejusmodi
632 947 878 1039 Problemata
906 955 956 1040 ad
983 953 1228 1045 Methodum
1254 965 1451 1052 relativam
1484 977 1675 1084 pertinen·

274 1075 356 1172 tia,
387 1071 427 1154 in
450 1069 591 1184 quibus
618 1071 796 1182 quaerirur
822 1081 1065 1187 curvaque,
1094 1077 1190 1165 inter
1208 1109 1344 1165 omnes
1363 1087 1491 1172 eidem
1520 1087 1678 1176 abscissae

275 1181 548 1302 respondentes
587 1190 627 1270 δι
662 1187 810 1272 duabus
832 1185 1050 1302 pluribusve
1082 1199 1378 1308 proprietatibus
1407 1209 1679 1292 communibus

275 1335 385 1420 aeque
411 1304 655 1422 gaudentes,
687 1305 830 1390 habeat
848 1309 1022 1392 valorem
1046 1311 1252 1424 cujuspiam
1282 1319 1526 1428 expreffionis
1557 1326 1678 1408 maxi-

275 1450 383 1510 mum
418 1419 683 1506 minimumve.
750 1418 926 1530 Quaestio
954 1419 1091 1512 scilicet
1126 1449 1319 1544 perpetuo
1346 1441 1593 1526 revocabitur
1632 1443 1679 1526 ad

274 1534 517 1624 Methodum
535 1531 771 1629 absolutamr
791 1543 844 1624 ita
861 1567 917 1642 ut,
938 1543 1037 1628 inter
1056 1545 1195 1633 omnes
1212 1554 1377 1636 omnino
1398 1581 1558 1658 curvas,
1574 1587 1680 1672 quae-

273 1653 393 1742 renda
421 1653 463 1738 fit
496 1677 613 1740 curva
633 1681 719 1768 quae
745 1654 1018 1769 expressionem
1046 1669 1265 1776 quampiam
1300 1669 1441 1756 habeat
1469 1679 1679 1764 maximam

223 1845 234 1852 ..
273 1773 340 1857 vel
367 1773 576 1858 minimam.
639 1767 732 1860 Hac
763 1801 810 1858 ue
837 1775 1061 1864 reduetione
1093 1779 1135 1864 id
1158 1787 1359 1870 commodi
1389 1787 1632 1900 nanciscimur
1663 1855 1677 1894 ,

273 1911 318 1972 ut
341 1891 472 1973 omnia
501 1881 719 1994 hujusmodi
779 1889 1023 1991 robiemata,
1056 1925 1134 2006 ope
1158 1902 1333 1986 valorum
1368 1905 1678 1995 differentialium

273 2033 374 2118 quos
396 2004 473 2116 jarn'
499 2000 605 2116 supra
637 2006 862 2118 investigare
891 2007 1115 2109 docuimus,
1149 2008 1339 2103 resolvere
1363 2050 1562 2134 queamus.
1596 2023 1677 2139 Ipse

272 2148 402 2209 autern
422 2115 639 2210 resolvendi
665 2122 806 2208 modus
826 2152 875 2208 eo
896 2124 1062 2228 redibit,
1092 2155 1134 2212 ut
1155 2160 1291 2217 omnes
1303 2143 1553 2246 proprietates
1568 2160 1689 2229 eom:

273 2268 434 2342 munes,
462 2267 538 2324 una
555 2267 642 2322 cum
672 2242 829 2326 maximi
858 2241 1055 2330 minimive
1082 2249 1343 2359 expressione,
1375 2249 1524 2342 seorfim
1555 2261 1677 2374 eupsi-

272 2381 406 2443 centur
422 2391 433 2447 ς
466 2353 617 2468 fingusae
636 2385 703 2466 per
722 2359 937 2444 constantes
960 2363 1174 2450 arbitrarius
1191 2368 1513 2486 multiplicentur;
1534 2383 1573 2463 ἃ
1587 2389 1678 2488 pro·
1797 2379 1800 2388 '

272 2465 384 2561 dueta
405 2477 443 2558 in
463 2501 578 2557 unam
603 2464 797 2560 summam
819 2477 1072 2590 colligantur:
1105 2511 1187 2596 quo
1209 2482 1341 2586 sasso,
1372 2487 1546 2579 absolute
1579 2497 1679 2580 inter

270 2581 409 2678 omnes
426 2615 582 2688 curvas,
614 2617 700 2677 eam
723 2593 842 2706 queri
871 2597 1100 2706 oportebit,
1130 2599 1173 2682 in
1194 2631 1271 2713 qua
1291 2607 1357 2689 ista
1372 2605 1516 2695 summa
1534 2610 1578 2696 sir
1597 2641 1678 2697 ma·

270 2711 375 2793 xima
401 2709 463 2793 vel
491 2707 662 2792 minima.
721 2703 824 2794 Hoc
864 2739 961 2794 vero
991 2707 1111 2825 ipsum
1135 2715 1374 2830 perficietur,
1408 2724 1500 2811 durn
1525 2723 1678 2814 summae

271 2825 373 2908 illius
392 2826 499 2909 valor
520 2823 781 2912 differentialis
805 2822 1123 2941 investigabitur,
1153 2835 1355 2950 nihiloque
1380 2847 1534 2956 aqualis
1554 2877 1679 2958 pone-

271 2961 346 3024 tur.
408 2937 623 3046 Qrocirca
646 2935 820 3026 universa
847 2949 1025 3052 operatio
1048 2943 1291 3048 absolvetur,
1324 2955 1352 3034 fi
1365 3013 1377 3052 ,
1407 2987 1496 3042 cunr
1519 2961 1677 3076 singula.

271 3083 355 3152 rum
391 3052 671 3170 expressionum
696 3056 949 3169 proprietates
980 3071 1207 3148 communes
1240 3069 1560 3177 continentium,
1597 3071 1718 3176 rums

271 3173 431 3260 maximi
462 3170 661 3256 minimive
691 3170 932 3284 expressionis
962 3174 1117 3263 rasores
1143 3177 1441 3290 differentiales,
1473 3189 1681 3282 secundum

270 3291 417 3404 regusar
445 3282 551 3402 supra
574 3285 709 3392 datas,
742 3289 957 3400 capianturr
980 3291 1115 3408 snguli
1137 3291 1288 3384 seorfim
1310 3305 1349 3388 in
1379 3312 1593 3398 constantes
1622 3343 1682 3399 ar-

272 3407 445 3492 bitrarias
465 3410 676 3498 ducanturr
711 3409 965 3521 omniumque
981 3410 1119 3498 b'orum
1139 3419 1414 3527 prodromum
1431 3455 1679 3544 aggregatum

272 3515 403 3608 nihilo¹
421 3523 566 3636 equale
591 3546 783 3636 ponatur:
817 3551 866 3608 ex
884 3551 965 3638 quo
985 3529 1126 3615 orietur
1144 3538 1312 3648 equatio
1335 3570 1407 3652 pro
1435 3573 1551 3632 curra
1578 3579 1682 3659 qua-

273 3635 351 3738 stta.
383 3635 562 3729 Sufficere
583 3641 713 3754 itaque
734 3637 856 3752 posset
874 3642 951 3732 hoc
975 3647 1128 3732 unicum
1149 3677 1382 3766 preceptum
1410 3661 1459 3744 ad
1479 3659 1680 3774 Qtaestio·
1773 3702 1776 3708 ¹

272 3785 340 3844 nes
369 3759 482 3868 hujus
511 3760 662 3872 generis
689 3743 901 3844 solvendas.
963 3755 1155 3858 Verum,
1188 3795 1395 3884 antequam
1429 3779 1539 3884 hujus
1575 3775 1681 3867 usum

273 3897 530 3986 exponamus,
564 3879 661 3973 hunc
690 3871 807 3994 ipsam
825 3869 1070 3969 Methodum
1092 3885 1154 3968 via
1175 3911 1263 3971 anre
1282 3889 1458 3978 adhibita
1479 3895 1679 3986 confirma·

271 4019 303 4100 rr
328 3985 547 4078 conueniet.

445 4198 886 4313 w,Prtorosrrro
931 4205 1024 4296 111.
1087 4209 1442 4313 Puonrrun.

281 4431 286 4438 '
337 4449 403 4524 ις.
436 4405 536 4506 sutae
564 4451 682 4506 amnes
700 4447 834 4504 curvas
855 4427 911 4508 d
922 4429 1070 4508 eandem
1101 4428 1283 4542 asstifflam
1305 4445 1458 4539 relatas,
1491 4479 1564 4562 qua
1591 4449 1681 4536 birris

268 4537 543 4650 proprietatibus
572 4537 814 4624 communibus
837 4539 895 4626 A·
911 4543 957 4638 ἀ
978 4541 1011 4630 Β
1038 4555 1217 4660 equaliter
1231 4556 1308 4662 stne
1329 4552 1508 4670 preciiraer
1539 4571 1682 4679 definire

275 4684 380 4752 tam,
409 4669 449 4740 in
470 4657 600 4772 queste
618 4663 731 4742 'valor
760 4659 1034 4772 erprq‘fsrnt'rC
1067 4679 1249 4756 maxims
1265 4683 1340 4759 vel*¹
1356 4688 1535 4768 minimus.
1587 4723 1592 4732 ·

336 4763 465 4859 Euleri
493 4773 692 4862 DeMax·
725 4777 770 4874 ci*
801 4774 911 4866 Min·
1179 4825 1182 4832 ⁴
1222 4789 1314 4911 GS
1590 4819 1617 4890 ⁸
1631 4823 1679 4910 θ’
