4284 5600
485 558 577 640 ,174
860 533 1477 612 ,DEMEYHoDe

921 751 1312 823 SCHOLION
1356 750 1413 818 ll.

552 978 595 1048 9.
626 940 731 1030 Haec
753 940 885 1026 omnia
909 943 1029 1056 magis
1053 941 1353 1040 illustrabuntur,
1374 939 1401 1024 st
1422 937 1698 1054 proprietatem
1718 953 1896 1034 commui

493 1094 607 1164 nent,
640 1064 690 1147 de
706 1087 781 1175 qua
801 1063 981 1146 hellenus
1000 1063 1039 1142 in
1058 1088 1199 1174 genere
1224 1053 1348 1143 sumus
1370 1060 1492 1144 locuti
1510 1121 1522 1159 ,
1553 1057 1791 1148 definiamus.
1835 1061 1894 1152 Sit

493 1187 608 1297 igitur
636 1180 846 1292 proprietas
878 1183 1117 1276 communis,
1140 1176 1304 1262 formula
1326 1177 1611 1290 longitudinem
1633 1206 1740 1264 arcus
1767 1207 1894 1266 curva:

495 1300 709 1410 exprimens
729 1356 742 1395 ,
774 1297 930 1380 maximi
948 1295 1147 1381 minimive
1166 1291 1349 1408 exprell'ro
1368 1317 1497 1381 autem
1516 1292 1704 1406 srtszdx
1714 1331 1728 1388 ‚·
1754 1299 1893 1399 itaut,

493 1422 590 1502 inter
615 1443 750 1498 omnes
772 1439 906 1497 curvas
919 1441 1004 1527 quae
1023 1413 1191 1516 habeant
1209 1439 1317 1498 arcus
1331 1413 1459 1498 eidem
1479 1406 1640 1498 abscillae
1659 1409 1894 1527 responden·

492 1559 550 1619 tes
582 1535 680 1618 inter
711 1527 748 1616 se
767 1533 954 1643 aquales,
986 1557 1033 1615 ea
1053 1531 1196 1616 debeat
1228 1528 1498 1632 determinari,
1553 1531 1595 1614 in
1650 1557 1696 1614 ua
1724 1559 1797 1642 pro
1828 1559 1891 1620 ea·

493 1653 582 1737 dem
602 1645 754 1734 absciss'a
776 1646 842 1730 fiat
853 1651 895 1754 s
891 1647 930 1731 Z
943 1651 1004 1730 dx
1025 1650 1233 1732 maximum
1263 1649 1329 1732 vel
1357 1649 1574 1732 minimum.
1619 1560 1891 1737 blanifestum

492 1795 620 1852 aurem
649 1769 729 1862 est,
769 1791 849 1848 non
875 1759 996 1848 solum
1026 1763 1191 1849 infinitas
1221 1765 1340 1848 lineas
1381 1791 1515 1850 curvas
1544 1764 1625 1848 dari
1652 1773 1723 1874 pro
1753 1766 1893 1852 eadem

493 1879 643 1968 abscilla
672 1879 914 1993 longitudine
944 1883 1142 1994 aequales,
1174 1907 1309 1966 verum
1331 1880 1409 1966 hoc
1431 1883 1550 1986 etiam
1584 1877 1744 1968 infinitis
1764 1883 1892 1970 modis

493 2001 574 2086 lieri
599 1995 717 2112 polle.
778 1996 836 2084 Sit
857 1999 960 2083 enim
978 1991 1129 2084 abscilla
1148 1999 1364 2084 communis
1378 2030 1499 2094 za,
1525 1991 1769 2113 ¹sumaturque
1786 2025 1889 2114 qua·-

477 2127 646 2230 'cunque
675 2113 884 2228 longitudo
913 2145 933 2198 r
958 2117 1081 2222 major
1108 2143 1225 2228 quam
1257 2145 1308 2216 a,
1340 2113 1691 2204 infinitaeerthiberi
1710 2139 1894 2229 poterunt

491 2235 626 2332 lineae,
659 2255 742 2318 tum
768 2235 877 2316 reete
904 2255 987 2317 tum
1009 2260 1160 2332 curva,
1192 2257 1354 2346 quarum
1378 2230 1603 2348 lingularum
1628 2233 1833 2346 longitudo
1849 2233 1893 2318 fit

490 2381 589 2432 ==c
604 2381 615 2441 3
647 2375 765 2464 atque
791 2351 889 2434 inter
920 2351 987 2435 has
1014 2349 1164 2435 definiri
1192 2352 1338 2463 poterit
1361 2375 1435 2436 una
1456 2363 1479 2448 ,'
1500 2351 1636 2464 inqua
1667 2349 1710 2434 srt
1732 2349 1892 2456 sde

491 2470 698 2554 maximum
721 2469 786 2552 vel
818 2469 1030 2554 minimum.
1091 2461 1204 2552 Loco
1225 2498 1246 2548 c
1266 2491 1396 2554 autern
1418 2463 1572 2552 infinita
1591 2467 1711 2582 accipi
1740 2467 1893 2582 pollunt

491 2587 746 2697 quantitatest
779 2611 830 2672 co
852 2585 963 2698 quod
980 2585 1056 2668 alia
1080 2613 1161 2670 non
1182 2583 1288 2670 adest
1307 2584 1510 2682 conditio,
1533 2581 1601 2668 nili
1628 2609 1670 2670 ut
1695 2583 1774 2670 suc
1792 2607 1889 2679 >aa

491 2729 608 2812 arque
631 2702 796 2812 quilibet
819 2701 928 2784 valor
953 2729 1026 2814 pro
1047 2731 1066 2782 c
1086 2697 1264 2786 assumtus
1292 2701 1402 2786 dabit
1431 2727 1545 2786 unam
1578 2729 1732 2786 curvam
1768 2702 1891 2786 maxi·

490 2819 543 2904 mi
569 2817 768 2902 minimive
790 2820 1027 2930 proprietate
1057 2815 1267 2930 praeditam.
1329 2815 1617 2928 Quamobrem,
1638 2846 1708 2932 pro
1733 2815 1892 2903 infinitis

488 2935 872 3048 ipfiusivalotibus,
904 2932 1060 3020 infinitae
1074 2935 1310 3050 reperientur
1336 2937 1443 3022 lineae
1474 2963 1600 3022 curvae
1618 2935 1816 3050 quaestioni
1834 2930 1891 3020 sa-

472 3051 734 3164 tisfacientes.
796 3049 946 3166 Neque
973 3075 1103 3138 tamen
1134 3055 1282 3140 idcirco
1309 3051 1489 3168 Quaestio
1516 3083 1589 3168 pro
1614 3053 1890 3140 indetermina-

469 3199 527 3256 -aa
545 3171 598 3258 cll
614 3171 814 3255 habenda:
848 3195 937 3254 nam
966 3163 1108 3256 solutio
1133 3166 1240 3280 ipsa,
1272 3171 1438 3259 infinitae
1460 3199 1593 3258 curvas
1622 3166 1891 3259 satisfacientes

483 3289 695 3401 praebens,
730 3291 782 3371 ita
819 3289 874 3371 cst
902 3289 1212 3400 interpretanda,
1249 3313 1292 3376 ut
1324 3317 1565 3405 unaquaeque
1594 3293 1727 3378 harum
1754 3314 1891 3374 curva·

476 3433 572 3492 rum
600 3407 839 3488 inventarum
865 3406 964 3490 inter
994 3433 1130 3488 omnes
1156 3407 1248 3491 alias
1270 3435 1381 3520 aeque
1404 3410 1538 3520 longas
1559 3406 1747 3522 posfideat
1775 3407 1888 3488 valo·

489 3550 571 3606 rcrn
599 3519 767 3606 formulae
776 3520 820 3627 s
824 3519 861 3600 Z
873 3524 938 3601 dx
963 3521 1001 3603 in
1025 3523 1195 3606 maximo
1218 3527 1431 3611 minimove
1450 3524 1583 3638 gradu.
1646 3517 1887 3635 Perspicuum

487 3662 616 3724 autem
644 3639 724 3736 cll,
765 3635 877 3748 quod
901 3634 964 3722 hic
988 3636 1040 3724 de
1077 3641 1284 3753 aequalibus
1307 3645 1470 3732 arcubus
1492 3667 1692 3728 murmur
1721 3635 1888 3724 ollendi-

488 3785 603 3854 mus,
636 3753 741 3838 idcm
767 3753 818 3838 de
838 3755 911 3838 alia
930 3781 1160 3868 quacunque
1179 3758 1345 3844 formula
1368 3753 1431 3847 seu
1459 3756 1691 3872 exprcllione
1717 3751 1887 3838 indeter-
1979 3831 1983 3838 .

489 3877 632 3957 minata
652 3873 780 3958 valete
802 3869 958 3958 debere.
991 3867 1050 3955 lta
1075 3873 1131 3972 fi,
1153 3875 1250 3958 inter
1269 3905 1405 3961 omnes
1428 3903 1560 3962 curvas
1579 3901 1686 3990 quae,
1709 3900 1782 3984 pro
1797 3869 1889 3956 data

486 3987 636 4074 abscilla
654 4023 686 4072 -x
706 4020 838 4090 zze,
869 3991 1042 4076 valorem
1072 3993 1244 4076 formula
1269 3993 1417 4096 lex
1449 3993 1618 4080 eundern
1651 3989 1885 4085 continent,

486 4133 531 4187 ca
567 4111 776 4216 requiratur
806 4112 844 4192 in
883 4137 958 4222 qua
984 4105 1189 4216 fitsde
1216 4115 1425 4196 martimum
1451 4111 1516 4196 vel
1544 4111 1772 4197 minimunrt
1803 4128 1887 4188 tum

486 4221 825 4334 infinitaequidem
847 4229 1085 4338 reperientur
1102 4229 1211 4314 lineae
1231 4225 1522 4316 satisfacientes:
1549 4255 1686 4313 verum
1709 4227 1766 4309 har
1786 4223 1887 4306 inter

485 4337 521 4424 le
548 4343 600 4422 ita
633 4335 932 4448 discrepabunt,
964 4368 1006 4427 ut
1037 4347 1250 4456 quelibet,
1282 4351 1381 4432 inter
1408 4375 1544 4432 omnes
1579 4345 1671 4430 alias
1694 4338 1888 4454 pollrbilct

487 4463 606 4546 lineas
619 4482 754 4538 curvas
777 4451 902 4540 secum
924 4459 1094 4542 valorem
1109 4461 1282 4546 formulae
1293 4464 1372 4569 [Υ
1377 4466 1406 4545 d
1414 4495 1439 4543 x
1461 4489 1713 4548 communem
1739 4457 1884 4540 haben·

476 4605 564 4674 res,
598 4575 795 4665 contineat
818 4571 997 4662 rormuae
1002 4575 1044 4682 s
1043 4574 1080 4664 Z
1094 4580 1155 4656 dx
1176 4581 1346 4666 valorem
1361 4583 1570 4666 maximum
1584 4581 1649 4663 vel
1669 4575 1885 4662 minimum.

1742 4803 1887 4892 Pno-
