4284 5600
453 467 537 562 ²³4
889 430 1459 556 osfllrztrrobo

961 645 1359 726 solutio.

509 853 571 945 Ex
595 851 897 970 precedentibus
914 853 991 959 jam
1014 851 1236 967 intelligitur
1256 854 1332 936 hoc
1357 847 1564 940 Problema
1587 846 1712 956 solvi,
1730 854 1778 956 fi,
1802 855 1864 944 lna

447 998 511 1061 ter
532 1003 672 1058 omncs
703 999 857 1072 curvas,
889 964 1063 1056 absolute
1093 969 1279 1082 queratur
1311 997 1356 1054 ea
1382 970 1423 1053 in
1451 997 1528 1083 qua
1548 971 1590 1054 fit
1625 971 1707 1056 aris⁴
1726 987 1776 1071 ἦ·
1794 969 1864 1063 CB

452 1105 502 1187 ·l-
523 1089 601 1191 ,c
620 1093 826 1173 maximum
850 1089 914 1174 vel
935 1089 1153 1172 minimum.
1214 1081 1285 1172 Ad
1303 1089 1379 1169 hoc
1407 1111 1539 1172 autem
1571 1085 1677 1176 nolle
1702 1115 1864 1204 oportet

452 1211 605 1292 valores
627 1205 897 1293 differentiales
920 1202 1198 1316 expressionum
1217 1201 1286 1302 A,
1310 1199 1368 1296 Β,
1395 1207 1435 1285 &
1465 1201 1510 1290 C.
1572 1201 1630 1292 Sit
1651 1207 1769 1320 igitur
1790 1235 1861 1296 va·

452 1326 514 1413 lor
535 1323 797 1426 differentialis
820 1320 1198 1433 expressionisA:
1218 1351 1247 1402 n
1260 1325 1368 1402 cdx.
1387 1315 1443 1420 P;
1466 1315 1709 1433 expressionis
1738 1322 1777 1408 B
1794 1361 1862 1403 =

452 1472 479 1522 n
494 1481 519 1524 i.
539 1447 618 1525 dx.
638 1444 711 1554 Q
727 1437 969 1552 expressionis
991 1435 1113 1524 C'==
1127 1437 1345 1528 ni.dx.Rs
1364 1434 1563 1554 'exquibus
1585 1441 1752 1556 aquatio
1786 1467 1861 1556 pro

453 1585 569 1646 curva
599 1558 808 1644 desiderata
831 1558 904 1642 erit
924 1553 997 1640 a?
1010 1570 1058 1652 -l-
1074 1559 1220 1668 CQ-l-
1237 1591 1265 1652 γ
1282 1555 1321 1637 lt
1336 1589 1405 1628 ε.-
1423 1588 1466 1638 ο.

513 1673 689 1763 Verum,
723 1701 804 1786 quo
824 1673 935 1780 hujus
960 1671 1324 1768 Solutionitveritas
1343 1669 1461 1784 magis
1473 1672 1643 1784 eluceat,
1664 1669 1767 1761 idern
1782 1673 1864 1762 lioc

452 1787 660 1882 Problema
683 1791 825 1876 eadem
854 1783 1062 1876 Methodo
1078 1807 1093 1887 ·,
1125 1815 1202 1902 qua
1225 1783 1331 1900 supra
1360 1788 1398 1870 iri
1437 1783 1582 1902 Capite
1612 1791 1772 1904 praeced.
1804 1790 1860 1880 usi

304 1911 367 1992 ta·
387 1928 436 1998 15·
456 1903 607 2004 sumus,
639 1907 918 2022 aggrediamur.
977 1902 1148 1990 Primum
1170 1928 1300 1990 tutem
1320 1905 1566 2018 intelligitur,
1599 1907 1648 1992 ad
1670 1909 1746 1994 boc
1763 1903 1860 1996 Pro-

452 2028 582 2113 blema
604 2021 906 2122 resolvendum,
938 2045 1065 2107 tertias
1092 2022 1298 2134 applicatas
1323 2023 1517 2135 particulis
1553 2023 1700 2112 infinite
1732 2028 1860 2138 parvis

449 2145 581 2258 augeri
599 2141 772 2240 debere,
804 2163 846 2223 ut
866 2139 988 2224 tribus
1012 2137 1305 2226 conditionibus
1333 2129 1552 2254 praescriptis
1583 2135 1748 2226 satisfieri
1772 2138 1857 2255 pos·
1991 2192 1997 2200 -

451 2259 509 2347 fit.
570 2255 705 2345 Primo
730 2259 834 2346 enim
859 2281 935 2342 tres
954 2257 1021 2340 lias
1038 2256 1240 2368 particulas
1264 2255 1481 2364 adjunctas,
1514 2257 1653 2372 quibus
1677 2253 1753 2370 ipsa
1771 2287 1856 2343 cur-

450 2405 501 2462 va
533 2370 762 2462 satisfacIens
787 2376 907 2462 azin
936 2399 1079 2458 novam
1108 2399 1130 2456 a
1161 2367 1198 2458 se
1236 2399 1381 2486 quain·
1395 2371 1552 2460 minime
1584 2370 1863 2488 discrepantem

452 2515 747 2592 transmutatur,
779 2493 835 2575 ita
858 2513 1093 2602 comparatas
1113 2485 1187 2576 elle
1208 2511 1388 2602 oportet,
1413 2512 1456 2574 ut
1481 2491 1664 2604 expressio
1689 2492 1737 2576 A
1743 2519 1861 2608 ,quae

452 2637 568 2694 unam
589 2611 865 2722 proprietatem
888 2633 1139 2691 communem
1159 2609 1369 2706 continet,
1399 2607 1438 2690 in
1463 2631 1665 2722 tutamque
1697 2637 1856 2693 curvam

452 2725 649 2840 equaliter
679 2747 911 2836 competat:
938 2717 1101 2808 Deinde
1124 2719 1241 2809 e'tiam
1266 2723 1386 2808 altera
1405 2724 1615 2836 proprietas
1640 2727 1856 2812 communis

452 2841 554 2928 Bin
583 2863 743 2956 utraque
774 2863 889 2926 curra
913 2835 1081 2927 eundem
1099 2841 1276 2924 valorem
1295 2839 1475 2926 obtinere
1502 2839 1676 2928 debebit.
1706 2837 1859 2928 Tertio·

453 2991 501 3046 ex
521 2961 677 3045 maximi
697 2959 894 3044 minimive
908 2979 1041 3042 natura
1060 2955 1244 3072 expreslio
1263 2983 1423 3070 quoque
1441 2955 1479 3044 C
1488 2960 1655 3046 eundem
1679 2959 1860 3046 valorem

450 3079 490 3163 in
512 3075 588 3191 ipsa
608 3103 724 3164 curva
741 3083 781 3161 δι
806 3075 944 3163 eadem
970 3097 1115 3159 mutata
1129 3069 1293 3162 nancisci
1310 3072 1450 3168 debers
1469 3077 1611 3189 quibus
1630 3077 1751 3166 tribus
1761 3073 1856 3162 coi'i-

452 3195 690 3296 ditionibus,
721 3222 789 3306 per
814 3194 1013 3305 pauciores
1039 3219 1154 3306 quam
1179 3217 1254 3280 tres
1284 3191 1489 3306 particulas
1511 3194 1633 3281 tribus
1654 3195 1861 3310 applicatis

451 3311 670 3419 adjirnttas,
693 3305 862 3397 satisfieri
889 3339 968 3395 non
994 3313 1138 3422 potest.
1197 3307 1337 3418 Qtate
1365 3337 1499 3423 ptaeter
1521 3313 1630 3398 binas
1649 3315 1860 3428 applicatas·

451 3425 534 3518 Nn
557 3425 672 3538 &10
686 3455 738 3527 o,
770 3455 855 3540 quae
874 3430 912 3511 iii
935 3425 1054 3539 figura
1066 3429 1258 3536 particulis
1279 3453 1336 3511 tii
1359 3435 1399 3512 δι
1420 3455 1481 3514 on
1498 3422 1582 3514 sunt
1599 3433 1741 3530 audiar,
1757 3456 1854 3514 coii-

451 3547 611 3660 cipiatur
638 3539 810 3657 sequenti
828 3547 1025 3658 applicatae
1049 3541 1115 3658 Pp
1133 3543 1318 3660 particula
1336 3573 1403 3658 pn
1422 3543 1552 3653 adjici.
1583 3542 1649 3633 Ae
1666 3567 1869 3660 quaeratur

450 3665 614 3776 primum
632 3663 940 3750 incrementum„
969 3661 1080 3775 quod
1098 3661 1282 3776 expressio
1308 3663 1357 3748 A
1376 3691 1424 3752 ex
1457 3663 1516 3746 his
1540 3663 1660 3750 tribus
1684 3662 1852 3774 particu-

451 3781 496 3864 lis
520 3776 724 3892 assequitur
753 3777 869 3891 quod‘
888 3779 960 3864 crit
977 3811 1047 3852 ·-·=
1062 3805 1086 3860 n
1102 3815 1128 3860 r.
1151 3777 1254 3862 de
1271 3795 1318 3874 ÷
1338 3807 1414 3864 on.
1431 3776 1546 3863 de
1568 3794 1703 3894 -l-pn.
1723 3776 1850 3866 Μ.

449 3895 638 4011 Namque
660 3925 709 3981 ex
728 3895 910 4007 particula
932 3921 983 3979 ni
1007 3889 1167 3978 nascitur
1197 3897 1481 3983 incrementum
1500 3923 1570 3982 ni.
1596 3896 1630 3982 P
1638 3895 1701 3980 dir
1712 3956 1725 3997 ,
1759 3921 1852 3982 con·

449 4041 588 4125 gruens
610 4043 697 4097 cum
720 4008 802 4125 ipso
824 4015 958 4099 valore
986 4009 1233 4100 differentiali
1246 4073 1260 4113 ,
1286 4041 1405 4128 quem
1424 4015 1608 4127 expressio
1633 4019 1682 4098 A
1698 4042 1748 4100 ex
1773 4008 1856 4097 sola

449 4129 633 4240 particula
655 4159 709 4214 nr
730 4124 964 4242 adipiscitur.¹
1019 4127 1078 4216 Ex
1104 4123 1280 4248 sequenti
1301 4157 1397 4219 vero
1428 4132 1618 4242 particula.
1635 4159 1703 4216 ou
1730 4130 1851 4215 oritur

448 4248 726 4331 incrementum
745 4243 965 4348 oddar,
996 4243 1158 4350 scilicet,
1189 4247 1294 4334 idem
1318 4245 1429 4366 quod
1440 4251 1554 4348 unte,
1585 4244 1851 4345 suodisferen·

448 4364 536 4450 tiali'
559 4363 734 4446 sudum:
766 4363 857 4475 quia
879 4366 982 4449 enim
1006 4393 1079 4450 ou.
1089 4359 1261 4480 sequenti
1279 4367 1477 4482 applicata
1493 4365 1737 4483 adjungitur,
1762 4391 1850 4448 om·

446 4507 517 4566 ires
537 4476 768 4596 quantitates
787 4491 851 4565 ou
868 4477 1075 4566 afficientes
1093 4507 1204 4568 crunt
1221 4477 1422 4599 sequentes
1441 4511 1593 4584 carum,
1610 4481 1749 4598 quibus
1763 4505 1847 4594 par·

437 4597 563 4711 unu
585 4625 638 4710 ui
652 4593 844 4722 „efficitur
866 4595 1119 4722 κακίω
1138 4599 1289 4716 utitur.
1313 4631 1362 4712 rx
1390 4601 1662 4728 pertertare
1678 4591 1857 4738 nascetu-

1350 4742 1352 4750 ,
1730 4739 1858 4823 mg:
