4444 5618
524 463 597 548 fn·
664 502 680 508 ·-
737 463 740 473 ·
862 453 1687 536 ou‘rrcrrrooonrnmrrrrm

373 627 472 716 rem
528 637 607 818 pro
622 630 700 722 qua
728 605 853 694 valor‘
872 605 1044 694 fomurlae
1059 603 1128 694 W
1138 605 1182 690 fit
1201 606 1387 692 maximus
1406 609 1471 692 vel
1484 607 1675 688 minimus.
1736 599 1936 690 Ponamus

558 722 849 835 uicQuaestioni
865 719 1075 813 satisfacere
1098 749 1255 808 curvam
1277 749 1350 808 am
1362 751 1408 823 z,
1442 727 1494 807 ira
1513 747 1554 806 ut
1570 785 1580 820 ‚
1599 749 1835 836 quacunque
1854 723 1928 802 alia

529 871 647 934 curva
669 841 723 929 ad
747 835 940 928 abscissam
962 842 1158 928 definitam
1181 835 1273 928 ΑΖ
1291 839 1494 936 reseratur,
1523 843 1632 923 valor
1661 839 1833 922 formulae
1869 823 1941 920 W

529 965 596 1054 vel
614 960 680 1046 fiat
703 961 830 1046 minor
852 988 968 1050 uuam
991 988 1067 1072 pro
1089 961 1160 1042 hac
1184 985 1321 1056 curva,
1349 961 1410 1047 vel
1431 961 1584 1064 major:
1612 982 1729 1068 prout
1751 959 1789 1039 in
1812 977 1928 1038 curva

528 1074 806 1180 satisfaciente,
844 1075 912 1164 W
931 1080 994 1162 vel
1019 1077 1225 1162 maximum
1255 1073 1328 1162 else
1357 1073 1477 1160 debet
1509 1077 1574 1158 vel
1606 1075 1821 1156 minimum.
1883 1067 1927 1154 ln

530 1197 604 1286 hac
630 1197 744 1307 igitur
762 1196 969 1308 quastione
988 1192 1157 1278 latissune
1176 1217 1357 1302 patente,
1379 1195 1568 1277 habemus
1589 1193 1713 1300 ptimo
1738 1183 1928 1276 abscissam

531 1309 791 1401 determinate
813 1311 1066 1424 longitudinis
1091 1304 1210 1396 AZ:
1270 1307 1413 1394 deinde
1454 1335 1569 1394 curua
1603 1310 1657 1391 cll
1692 1305 1931 1418 quaerenda,

529 1431 597 1514 vel
620 1429 718 1516 inter
738 1453 874 1514 omnes
902 1429 1079 1514 ommino
1101 1453 1236 1512 curvas
1254 1427 1304 1514 ad
1328 1427 1492 1514 eandem
1531 1428 1627 1510 hanc
1657 1419 1845 1508 abscissam
1869 1447 1931 1505 te·

531 1543 650 1643 latas,
673 1546 738 1630 vel
759 1567 908 1628 tanturn
933 1545 1032 1628 inter
1053 1543 1347 1628 innumerabiles
1388 1546 1528 1654 quibus
1550 1570 1623 1624 una
1649 1533 1817 1654 pluresve
1838 1567 1933 1648 pro·
2044 1531 2047 1538 ’

529 1660 718 1778 prietates
735 1659 805 1743 srnt
829 1687 1079 1756 comtnuneS,
1107 1686 1223 1770 prout
1256 1660 1413 1770 questio
1443 1659 1502 1770 al,
1531 1651 1761 1742 methodum
1808 1655 1934 1738 maxi-

531 1781 744 1862 morum&
772 1775 1021 1862 minimorum
1042 1778 1104 1861 vel
1118 1771 1331 1863 absolutam
1346 1779 1407 1858 vel
1431 1779 1627 1859 relatiuam
1642 1779 1694 1859 eli
1708 1798 1926 1856 accommo-

530 1887 621 1978 data
640 1929 656 1975 ε·
712 1893 827 1978 tertid
864 1894 1049 1978 habemus
1082 1920 1167 1978 eum
1210 1897 1461 2006 quantitatem
1495 1889 1564 1976 W
1568 1957 1577 1980 ,
1617 1893 1850 1998 cujus-valor
1889 1889 1930 1972 in

532 2037 648 2094 curva
664 2008 821 2122 quaefita
840 2039 946 2094 amc
987 2011 1175 2092 maximus
1210 2011 1283 2094 ell'e
1307 2011 1427 2093 debet
1452 2015 1515 2095 tel
1543 2012 1745 2098 minimuss
1779 2008 1928 2118 eritque

531 2127 648 2238 igitur
668 2127 857 2236 quantitas
879 2125 944 2210 W
958 2127 1111 2212 maximi
1134 2127 1331 2210 minimiue
1358 2126 1547 2218 formula,
1579 2125 1671 2207 ficut
1692 2151 1737 2208 ea
1755 2125 1808 2208 est
1832 2119 1928 2206 defi·

530 2244 624 2326 nita.
684 2237 807 2328 Nunc
834 2244 947 2354 igitur
968 2245 1092 2326 statim
1114 2266 1270 2352 apparet
1293 2244 1387 2324 hanc
1409 2241 1613 2326 formulam
1635 2241 1699 2326 W
1706 2245 1757 2325 ita
1778 2233 1850 2324 esse
1861 2236 1931 2323 de·

530 2357 624 2444 bere
643 2383 928 2468 comparatam,
953 2382 996 2442 ut
1018 2358 1068 2442 ad
1094 2384 1229 2442 omnes
1280 2385 1413 2442 curvas
1436 2399 1442 2410 ·
1467 2383 1552 2468 quae
1583 2359 1740 2470 quidem
1775 2354 1934 2466 concipi

531 2470 684 2588 possunt
721 2473 1008 2560 accommodari
1045 2499 1175 2584 queat.
1236 2468 1366 2558 Primo
1393 2467 1531 2560 scilicet
1553 2503 1576 2558 a
1595 2477 1809 2590 quantitate
1843 2464 1926 2557 abs·

531 2587 631 2678 cislae,
649 2587 812 2674 delinitae
834 2585 931 2680 ΑΖ
952 2589 1114 2678 debebit
1130 2589 1324 2702 penderet
1356 2591 1475 2676 itaut
1497 2621 1546 2678 ea
1574 2617 1769 2690 mutetur,
1792 2591 1934 2674 valore

526 2704 640 2820 ipfius
660 2702 761 2794 ΑΖ
786 2732 949 2792 mutato
1009 2701 1171 2796 Deinde
1207 2706 1323 2796 etiarn
1350 2737 1379 2796 a
1414 2733 1548 2792 natura
1598 2703 1759 2819 cujusvis
1802 2729 1925 2790 eunte

526 2849 612 2937 quae
633 2822 791 2936 quidem
808 2823 969 2937 concipi
1000 2824 1127 2938 potesi
1157 2825 1335 2936 peculiari
1356 2821 1480 2910 modo
1501 2825 1621 2912 debet
1644 2823 1834 2936 pendere:
1858 2815 1927 2904 nist

525 2941 631 3030 enim
653 2937 812 3029 itaeffet
836 2966 1076 3053 comparata,
1099 2969 1171 3052 pto
1198 2942 1378 3027 omnibus
1398 2945 1524 3026 curvis
1551 2941 1721 3027 eundern
1749 2941 1932 3024 valorem-

524 3051 746 3156 sortiretur,
771 3058 1007 3171 quastioque
1024 3055 1125 3145 soret
1146 3057 1268 3146 nullae
1327 3050 1601 3172 Quamobrem
1623 3057 1814 3170 quantitas
1840 3051 1924 3151 W,

524 3197 660 3292 practer
681 3168 896 3275 abscissam,
918 3177 956 3257 in
983 3167 1019 3259 se
1038 3202 1199 3289 quoquc
1217 3177 1420 3287 complesti
1440 3175 1600 3262 debebit-
1621 3175 1851 3288 quantitates
1875 3167 1930 3254 ad

525 3313 682 3373 curvam
704 3285 818 3400 ipsam
852 3293 1101 3402 pertinentes.
1160 3286 1267 3376 Cum
1285 3295 1398 3406 igitur
1417 3294 1542 3376 omnis
1562 3319 1678 3378 curua
1695 3290 1930 3375 dmermine·

525 3426 587 3491 tur
603 3431 674 3520 per
695 3405 921 3492 relationem
954 3399 1335 3492 incerasiolam&
1360 3409 1615 3520 applicatam,
1643 3411 1832 3520 quantitas
1863 3399 1932 3490 W
1932 3413 1940 3421 '

524 3519 646 3612 debet
668 3516 742 3606 else
768 3527 930 3606 conflata
944 3550 991 3606 ex
1008 3515 1162 3608 abscissa
1181 3528 1221 3605 dt
1242 3523 1453 3636 applicata,
1470 3530 1515 3610 dc
1534 3525 1809 3640 quantitatibus
1831 3521 1922 3614 inde

524 3634 796 3754 pendentibus.
830 3633 929 3728 Hoc
943 3641 1021 3738 est,
1043 3638 1074 3723 sr.
1090 3635 1239 3728 abscissa
1260 3637 1456 3728 indefinita
1472 3666 1636 3754 ponatur
1659 3671 1785 3740 =x,
1801 3646 1839 3726 δι
1853 3671 1922 3756 ap·

524 3757 665 3870 plicata
689 3749 919 3865 respondens
933 3753 1131 3840 indefinita
1147 3747 1268 3866 ='y,·
1294 3761 1483 3869 quantitas
1505 3751 1575 3845 W
1586 3755 1795 3846 essedebct
1813 3755 1924 3843 func-

525 3873 584 3956 tio
612 3874 788 3958 binarum
808 3873 1048 3986 variabilium
1066 3902 1095 3952 x
1111 3877 1192 3986 &ys
1227 3871 1358 3983 Qrod
1377 3905 1462 3966 cum
1484 3881 1536 3962 ira
1560 3877 1623 3977 fit,
1645 3875 1799 3960 licurua
1818 3905 1928 3990 qua*-

527 4015 677 4099 cunque
700 3988 953 4074 determinata
973 3990 1233 4090 concipiatur,
1258 4017 1375 4104 atque
1403 4023 1451 4080 ex
1483 3999 1565 4100 ejus
1614 4017 1745 4080 natura
1782 3997 1930 4080 relatio>

524 4103 624 4188 inter
636 4135 661 4213 y
682 4109 720 4186 δι
737 4136 766 4186 x
784 4107 822 4188 in
852 4104 1020 4192 formula
1040 4105 1109 4194 W
1118 4102 1380 4208 substituatur,
1407 4137 1453 4195 ea
1479 4109 1677 4196 definitum
1701 4111 1932 4224 impetrabit:

482 4253 485 4264 ¹
525 4222 699 4310 valorem
719 4221 772 4308 ad·
795 4221 923 4306 datam
945 4226 1049 4310 illam
1078 4253 1232 4310 curvam
1256 4249 1375 4338 atque
1401 4231 1488 4334 ejus.
1504 4227 1701 4316 definitam
1730 4223 1928 4316 abscissam:

525 4339 795 4456 pertinentem.
858 4334 1070 4454 Qtoniam·
1093 4345 1198 4450 jam,
1224 4371 1293 4454 pro
1316 4345 1401 4430 aliis
1427 4371 1543 4458 atque
1561 4347 1646 4430 aliis
1667 4345 1818 4446 curvis,
1840 4342 1928 4430 sor·-

526 4454 629 4542 mula
670 4451 738 4544 W
755 4449 925 4540 diversos
955 4459 1105 4544 calores
1136 4459 1295 4554 induit,
1337 4461 1480 4548 etiamsi
1502 4465 1539 4546 in
1565 4461 1745 4546 omnibus
1768 4457 1930 4546 abscissa:

268 4611 272 4618 ·
385 4665 389 4674 ,
525 4569 672 4668 eadent
686 4575 854 4698 capiatur
873 4571 1146 4670 s.manifestum
1171 4580 1226 4668 est
1245 4577 1346 4668 inter
1369 4579 1661 4670 innumerabiles
1681 4579 1765 4668 illac
1788 4603 1930 4666 curvas.

1737 4755 1746 4774 ·
1803 4719 1932 4786 unm
