4284 5600
895 463 1092 583 [aar]
1167 490 1213 516 ··

366 864 1488 1042 ADDITAMENTUM
1602 871 1656 1021 1.

743 1179 825 1288 De
863 1177 1043 1285 corvis
1082 1171 1303 1330 Elaflicis.

1011 1435 1048 1524 L

280 1801 289 1810 ,
308 1671 364 1854 J
381 1665 463 1812 ,im
485 1670 638 1812 priclem
657 1665 796 1813 summi
816 1673 962 1790 quique
981 1665 1489 1810 Geometraeagnoverunt,
1519 1667 1719 1812 Methndl.

398 1819 437 1874 rn
457 1791 534 1874 hoc
551 1785 674 1874 Libro
697 1791 850 1873 tradrtae
871 1817 951 1874 non
974 1784 1096 1869 solum
1119 1814 1326 1872 maximum
1350 1785 1422 1872 else
1444 1784 1549 1873 usum
1571 1820 1610 1874 rn
1636 1785 1716 1904 rpsa

307 1901 496 2018 Analyfi,
529 1900 596 1989 sed
611 1905 732 1990 etiam
754 1933 840 1990 eam
865 1903 916 1990 ad
937 1897 1207 1987 resolutionem
1231 1899 1520 1990 problematum
1533 1906 1713 2020 physico·

146 2065 149 2070 ·
307 2049 394 2108 tum
419 2019 679 2133 amplissimum
701 2015 905 2106 subfidium
925 2017 1077 2105 afferre.
1132 2015 1239 2106 Cum
1259 2021 1362 2104 enim
1385 2016 1534 2106 Mundi
1559 2024 1714 2107 univer·

308 2137 336 2224 sr
361 2137 503 2222 fabrica
523 2136 566 2220 stt
590 2126 873 2249 perfeliilstma,
905 2132 1024 2249 atque
1044 2160 1067 2216 a
1090 2127 1282 2219 Creatore
1310 2131 1575 2248 sapientiffimo
1599 2135 1713 2222 abso-

204 2317 211 2324 ·
307 2255 415 2352 luta,
448 2255 544 2338 nihil
572 2253 742 2336 omnino
760 2255 799 2335 in
830 2252 977 2336 mundo
1006 2251 1228 2362 contingit,
1261 2252 1299 2333 in
1331 2279 1418 2365 quo·
1445 2279 1525 2336 non
1552 2255 1715 2340 maximi

307 2370 509 2457 minimive
539 2371 639 2452 tatio
658 2371 849 2481 quaepiam
878 2368 1028 2456 eluceat
1040 2401 1057 2450 r·
1083 2367 1336 2477 quamobrem
1368 2366 1529 2452 dubium
1562 2366 1717 2481 prorsus·

110 2509 138 2553 ·.
306 2489 362 2574 est
386 2489 574 2585 nullum,
606 2485 706 2596 quin
741 2513 879 2571 omnes
904 2479 1053 2571 Mundi
1086 2480 1239 2566 essemus
1259 2507 1307 2567 ex
1340 2483 1458 2568 causis
1495 2482 1711 2588 finalibus,

304 2631 385 2714 ope
405 2599 596 2690 Methodi
613 2601 866 2686 maximorum
882 2607 921 2685 lle
952 2600 1198 2682 minimorum
1221 2627 1329 2713 arque
1347 2599 1508 2685 feliciter
1526 2600 1715 2688 determi-

224 2731 232 2738 '
303 2720 386 2804 nari
409 2741 578 2832 queant,
610 2741 733 2826 atque
750 2747 798 2802 ex
819 2717 906 2828 ipsis·
925 2711 1321 2798 caufiseffi‘cientibus.·
1377 2711 1512 2824 Hujus
1536 2719 1591 2803 rei
1613 2745 1716 2803 vero·

303 2831 432 2948 passam
454 2860 533 2919 tam
557 2832 698 2916 eximia
727 2858 859 2916 extant
891 2825 1118 2944 specimina,
1152 2853 1196 2913 ut
1222 2830 1273 2914 ad
1301 2831 1474 2918 veritatis
1505 2831 1714 2919 confirma·
1870 2844 1873 2852 ’

304 2950 455 3033 tionem
479 2940 656 3058 pluribus·
683 2941 878 3055 Exemplis
905 2946 1073 3028 omnino
1101 2969 1181 3026 non
1207 2943 1477 3052 inmgeamuet
1508 2952 1603 3058 quin
1634 2977 1706 3060 po.

304 3065 381 3147 tius
400 3063 440 3145 in
459 3062 537 3144 hoc
559 3063 632 3146 erit
650 3059 950 3156 elaborandum,
977 3059 1092 3154 ut‚in
1104 3057 1247 3170 quovis
1263 3055 1533 3167 Qrastionum
1555 3089 1709 3148 natura·

303 3180 397 3263 lium
418 3203 628 3290 generc‚ea
645 3175 890 3287 investigetur
907 3174 1121 3286 quantitas,
1153 3199 1237 3286 quae
1265 3175 1709 3263 maximumminimum·

302 3292 523 3382 reinduat
554 3292 728 3376 valorem
749 3325 765 3374 r·
804 3287 919 3400 quod-
940 3290 1145 3401 negotium
1174 3290 1228 3372 ad·
1254 3283 1547 3405 Philosophiam
1572 3297 1711 3406 potius.

302 3435 422 3524 quam
444 3408 494 3492 ad
518 3403 720 3496 Mathefin
739 3407 928 3518 pertinere
962 3403 1129 3490 videtur.
1190 3400 1298 3490 Cum
1325 3409 1440 3520 igitur
1471 3410 1616 3524 duplex
1636 3437 1712 3523 pa-

300 3549 382 3613 teat
402 3526 465 3609 via
482 3522 634 3610 effeelus
654 3519 823 3611 Naturae‘
837 3511 1093 3634 cognoscendi
1112 3553 1128 3612 ς’
1156 3523 1274 3608 altera
1298 3550 1364 3637 per
1390 3519 1516 3610 causas
1538 3527 1710 3614 efficien-

301 3663 361 3729 tes
383 3703 396 3742 ,
421 3669 512 3755 'quat
534 3636 756 3726 Methodus
775 3637 916 3724 dirella
935 3639 1065 3721 vocari
1090 3632 1212 3730 soleta
1243 3643 1362 3727 altera
1388 3637 1513 3724 causas
1531 3643 1666 3728 sinales
1688 3671 1701 3737 ς

197 3787 201 3795 ·
300 3753 612 3848 Mathematicus*
639 3750 801 3868 utrique
841 3753 922 3869 pati
959 3747 1118 3839 successu
1134 3846 1138 3854 ,
1153 3757 1285 3840 utitun
1344 3753 1523 3867 Quando
1562 3753 1711 3845 seilicet·

302 3871 418 3958 cansa
440 3873 646 3959 efficientes
680 3871 792 3955 nimis
817 3861 900 3954 limt
927 3865 1184 3970 abscondita,
1215 3870 1347 3956 sinales
1374 3899 1501 3958 autem
1536 3877 1708 3963 nostram
1797 3869 1799 3874 ’

302 3990 570 4098 cognitionem
592 3991 719 4070 minua
741 3985 949 4098 effugiuntt
971 4013 1040 4098 per
1056 3981 1303 4072 Methodum
1324 3987 1544 4073 indiresiam
1564 3985 1703 4100 Qtas-
1815 4011 1821 4022 '

301 4102 363 4188 tio
385 4096 480 4186 solet
503 4093 671 4186 resolvi:
703 4129 726 4185 e
753 4104 944 4189 contrario
971 4126 1104 4184 aurem
1132 4096 1353 4186 Methodus
1376 4103 1515 4187 direela
1541 4107 1711 4194 adhibe·-

302 4241 391 4315 aur,
429 4217 581 4330 quoties
601 4242 649 4300 ex
669 4215 785 4299 caulis
811 4215 1061 4302 efficientibus
1084 4213 1258 4302 effectum
1287 4218 1446 4304 delinire
1475 4222 1577 4310 licet.
1639 4217 1708 4308 ln·-

301 4334 433 4450 primis
454 4355 583 4418 autem
607 4333 800 4443 operaest
820 4330 1059 4424 adhibenda,
1091 4357 1133 4414 ut
1152 4361 1224 4444 per·
1240 4357 1440 4448 utramque
1458 4340 1556 4423 viam
1575 4339 1708 4424 aditus.

301 4451 352 4536 ad
375 4449 619 4536 Solutionem
644 4450 856 4561 aperiatur:
889 4446 943 4531 stc*
952 4449 1056 4533 enim
1078 4475 1157 4531 non
1173 4443 1292 4534 solum
1314 4453 1430 4536 altera
1451 4452 1605 4538 Solutio
1632 4482 1700 4564 per

304 4567 469 4676 alteram
489 4563 656 4680 maxime
673 4559 963 4698 ,eoufirmmulg
988 4557 1194 4774 sed-leitissm
1215 4593 1264 4651 ex
1296 4564 1487 4686 utriusque
1518 4565 1704 4774 consimulo

299 4737 309 4752 .
335 4738 340 4749 .
1057 4787 1061 4795 Ι
1216 4712 1244 4797 3
1681 4732 1709 4786 ·.·
