4284 5600
457 395 542 494 ,μ
933 393 1034 462 oa
1100 389 1514 460 murnouo

453 566 635 630 mumve;
670 530 806 623 eadem
825 531 988 620 habebit
1007 535 1106 618 inter
1120 559 1257 617 omnes
1280 553 1413 614 curvas
1438 528 1540 612 binis
1564 526 1864 642 propiietatibus

454 659 520 740 vei
545 659 592 738 A
611 663 651 740 δι
673 656 738 754 C,
772 655 835 738 vel
857 651 951 738 B&
977 649 1032 754 C,
1054 679 1162 769 atque
1181 645 1389 766 praeditas,
1420 643 1561 742 velli,
1588 645 1652 734 vel
1674 647 1715 733 A
1738 657 1860 742 maxi.

455 801 560 857 mum
586 798 853 858 nnnrmumve.
1210 817 1215 824 ·

916 996 1423 1094 Couounlst

515 1251 581 1309 to.
612 1222 654 1310 Si
671 1219 787 1339 igitur
806 1245 922 1308 curva
941 1217 1060 1334 quari
1087 1215 1232 1305 debeat
1257 1246 1372 1333 qua,
1404 1215 1504 1302 inter
1528 1241 1666 1302 omnes
1689 1218 1782 1308 alias
1799 1223 1855 1309 bi·
1896 1273 1904 1282 -

451 1337 513 1424 nis
529 1342 772 1454 proprietatis
794 1338 844 1423 A
863 1345 903 1422 δι
922 1335 960 1422 Β
977 1336 1174 1453 aqualiter
1196 1335 1395 1447 preditus,
1427 1333 1567 1419 habeat
1583 1336 1856 1448 expreiiionem

450 1455 491 1541 C
509 1461 717 1543 maximam
736 1459 800 1542 vel
824 1457 1044 1546 minimamt
1075 1476 1159 1539 tum
1177 1453 1337 1567 quaesrto
1362 1446 1544 1551 satisfiat,
1570 1450 1729 1542 ficutva
1751 1485 1855 1571 qure-
1914 1499 1919 1506 ·

450 1597 575 1676 ratur,
607 1603 717 1690 quae,
738 1567 912 1662 absolute
935 1574 1035 1657 inter
1062 1597 1198 1656 omnes
1219 1597 1379 1670 curvas,
1411 1569 1553 1656 habeat
1578 1570 1852 1688 txpteffionem

449 1689 537 1774 οιΑ
550 1703 600 1788 ÷
618 1691 686 1777 cB
706 1704 754 1790 ÷
778 1689 856 1788 sc
875 1689 1081 1784 maximum
1105 1689 1169 1773 vel
1191 1689 1412 1778 mittimutn.

899 1897 1465 1992 Conouan.·

512 2149 583 2206 rm·
610 2117 816 2231 Qroniam
835 2157 884 2208 a,
904 2123 993 2225 ὼγ
1012 2110 1096 2202 sunt
1117 2117 1350 2232 quantitates
1376 2117 1593 2206 constantes
1615 2119 1847 2217 arbitrariae3

446 2240 486 2321 in
505 2231 736 2323 solutionem
756 2233 974 2345 hujusmodi
999 2233 1287 2322 problematum
1309 2260 1384 2322 tres
1404 2261 1515 2320 noua
1537 2240 1769 2351 quantitates
1790 2269 1849 2326 ar-

446 2354 607 2444 bitrariae
631 2356 916 2472 ingrediuntur,
948 2379 1032 2469 quae
1059 2355 1098 2438 in
1125 2349 1301 2438 formulis
1329 2353 1534 2466 propofitis
1566 2355 1633 2454 A,
1660 2355 1697 2439 B
1706 2417 1719 2455 ,
1750 2357 1854 2446 &C

445 2499 526 2556 non
551 2474 720 2674 inerdant:
748 2471 1034 2589 aequivalebunt
1055 2491 1186 2560 autem
1211 2469 1270 2557 hae
1290 2493 1368 2562 tres
1390 2472 1608 2564 constantes
1629 2508 1676 2564 a,
1694 2475 1735 2565 G,
1760 2479 1847 2585 &sy

447 2609 595 2682 tantum
649 2588 782 2692 uabus,
1034 2593 1038 2602 '
1097 2587 1100 2592 ’
1277 2627 1285 2634 ·

893 2801 1239 2904 Conoun
1302 2801 1360 2897 Ἄ

505 3045 570 3108 12.
604 3015 686 3110 I-Iae
707 3047 804 3108 vero
821 3031 1036 3110 constantes
1048 3017 1152 3109 adeo
1168 3025 1246 3132 jam
1265 3019 1532 3137 inaquatione
1545 3047 1618 3136 pto
1638 3020 1844 3136 currapti·

442 3166 546 3228 mum
570 3143 728 3226 inventa
750 3141 919 3233 inerantt
946 3163 1080 3252 pretet
1102 3165 1168 3226 eas
1186 3169 1310 3241 vero,
1341 3167 1409 3252 per
1431 3141 1707 3254 integrationes
1728 3165 1844 3226 nova

440 3255 926 3366 ingredientutconstantes
943 3277 1035 3358 tot,
1060 3281 1161 3372 quot
1185 3256 1503 3370 integrationibus
1521 3283 1619 3372 opus
1643 3261 1697 3346 est
1706 3317 1721 3374 ,
1736 3277 1841 3352 ante-

440 3396 557 3483 quam
579 3374 630 3458 ad
654 3372 911 3485 aequationem
934 3372 1081 3460 finitam
1108 3377 1366 3490 perveniatur.
1810 3423 1817 3432 ·

887 3583 1242 3680 Conotu
1306 3585 1392 3680 VL

488 3829 565 3914 .13·.
596 3797 719 3890 Simili
743 3797 897 3902 modo,¹
929 3828 1011 3918 quo
1031 3804 1129 3892 hanc
1151 3800 1463 3920 Propofitionem
1487 3809 1529 3890 &
1558 3795 1836 3918 praecedentem

440 3916 802 4021 demonstravimus,
834 3921 1078 4021 ostendetur,
1106 3947 1379 4037 curvamque
1398 3921 1594 4021 absolute,
1625 3920 1724 4006 inter
1748 3947 1836 4008 om·

436 4061 504 4124 nes
524 4061 678 4138 curvas,
709 4041 852 4128 habeat
875 4036 1150 4154 eapressionem
1170 4077 1198 4124 a
1212 4040 1262 4125 A
1271 4052 1318 4139 «ί-
1334 4037 1402 4124 CB
1422 4053 1512 4142 ÷p
1529 4037 1566 4127 C
1577 4047 1626 4136 ψ
1643 4035 1730 4124 Η)
1758 4062 1835 4124 ma·

435 4151 577 4236 nimam
601 4155 666 4238 vel
692 4159 916 4258 minimam,
947 4156 1142 4258 eandem,
1172 4163 1271 4245 inter
1290 4185 1426 4245 omnes
1442 4183 1575 4244 curvas
1595 4179 1671 4242 tres
1687 4148 1836 4269 expres·

436 4265 560 4355 fione's
576 4269 643 4368 A,
661 4268 699 4352 Β
719 4277 759 4356 &
781 4274 1064 4363 Ccommunes
1089 4277 1303 4382 habentes,
1334 4276 1550 4369 habituram
1570 4271 1645 4364 use
1662 4295 1834 4394 quartam

340 4495 350 4515 .
433 4383 479 4477 D
503 4387 708 4484 maximam
727 4391 1024 4482 vel-minimam.

1653 4657 1836 4759 acuo:
