4444 5618
515 419 574 492 16
825 415 1417 486 DEMETHODOMAX.
1444 413 1704 488 lauru..

462 575 466 596 ¹
511 557 655 644 mulam
681 555 750 661 W
764 561 818 644 ita
832 555 1011 670 :oportet
1031 557 1106 646 effe
1130 566 1417 670 comparatam,
1441 579 1486 640 ut
1504 557 1587 662 ejus
1601 559 1710 646 valor
1729 551 1780 641 ad
1799 550 1929 638 deret·-¹

513 679 696 759 minatam
709 703 864 762 curvam
886 703 992 762 amz
1012 677 1242 788 applicatus,
1264 702 1287 759 a
1308 674 1499 786 pofitione
1515 670 1745 786 smguiorum
1758 674 1928 755 elemen-

514 814 647 876 torum
671 796 784 903 hujus
813 822 935 878 curva
958 795 1056 876 intra
1075 795 1260 876 terminos
1284 819 1307 874 a
1331 796 1369 874 δι
1391 820 1413 874 z
1434 790 1587 871 fitorum
1611 789 1789 900 pendeat.
1825 781 1927 870 Hoc

514 919 646 995 autem‘
670 913 827 995 evenire
842 935 925 995 non
945 912 1097 1021 potest,
1130 909 1197 993 niii
1221 917 1411 1022 quantitas
1433 904 1500 992 W
1513 903 1556 990 fit
1577 903 1741 988 formula
1759 908 1926 1016 integra·

516 1023 564 1108 lis
597 1025 827 1126 indefinita,
861 1055 944 1139 quaa
978 1028 1188 1140 generatim
1220 1026 1296 1130 sine
1334 1021 1491 1135 affumta
1519 1024 1741 1138 aquatione,
1765 1021 1864 1106 iuter
1893 1047 1924 1102 x

519 1145 561 1226 &
573 1175 601 1258 y
621 1143 918 1259 integrationem
933 1169 1015 1244 non
1035 1137 1230 1250 admittat.
1271 1145 1340 1263 Q.¹
1358 1141 1405 1227 Ε.
1436 1139 1493 1250 Β.
1837 1149 1841 1157 “

783 1371 786 1378 “
925 1353 1333 1446 -Cannnn
1396 1349 1478 1438 L‘

479 1607 485 1626 ‘
579 1602 647 1685 35·
676 1569 766 1664 Nm
785 1573 899 1688 igitur
920 1573 1077 1658 maxImi
1097 1572 1296 1657 minimive
1316 1565 1477 1654 formula
1500 1561 1568 1655 W
1580 1567 1623 1652 iit
1646 1565 1839 1682 quantitas
1862 1566 1924 1653 in:

517 1693 672 1792 teatalis
694 1691 919 1788 indefinita·,'
948 1689 1162 1803 'nequidem
1200 1689 1300 1772 iinea
1323 1693 1449 1770 'curva
1489 1689 1528 1770 in
1566 1715 1643 1798 qna
1670 1687 1777 1769 valor
1808 1685 1922 1797 ipiius

437 1881 438 1884 a
518 1807 588 1896 W
600 1808 643 1892 srt
661 1812 849 1894 maximus
868 1807 930 1891 nel
953 1808 1131 1890 minimus
1161 1805 1499 1895 determinabitur
1527 1828 1644 1915 atque
1679 1803 1781 1888 adeo
1805 1795 1921 1913 quai

518 1933 578 2012 tio
599 1925 649 2010 de
672 1923 905 2010 invenienda
933 1949 1073 2025 curva,
1104 1924 1145 2006 in
1166 1951 1243 2040 qua
1272 1919 1363 2010 effet
1393 1917 1462 2004 W
1485 1923 1696 2008 maximum
1717 1921 1783 2005 vel
1808 1917 1919 2018 mitu-

497 2065 626 2130 'mum
648 2045 721 2130 etit
749 2043 865 2126 nulia.

942 2205 1464 2352 ssc0norn1n

505 2483 510 2490 '
582 2487 652 2584 36,
679 2463 744 2560 Ut
773 2469 887 2584 igitur
918 2489 1034 2552 curva
1066 2459 1233 2581 affignari
1258 2458 1395 2579 poffit,
1426 2465 1565 2577 inqua
1592 2465 1702 2550 vaior
1724 2463 1836 2578 ipsius
1861 2461 1931 2554 W

520 2611 594 2704 prae
617 2589 698 2673 aliis
720 2585 762 2670 stt
789 2588 975 2670 maximus
1003 2585 1066 2668 vei
1099 2584 1302 2679 minimus,
1334 2580 1499 2666 formula
1530 2579 1598 2666 W
1616 2585 1730 2669 talem
1757 2582 1921 2671 formam

507 2707 649 2818 szdx
683 2705 824 2788 habere
850 2701 994 2790 debett
1027 2721 1142 2812 atque
1167 2699 1421 2814 quantitatem
1442 2695 1480 2782 Z
1504 2701 1555 2783 ita
1575 2724 1833 2812 comparatam
1846 2697 1920 2786 eise

500 2811 678 2938 ¹u'p'ortet
696 2841 739 2904 ut
767 2809 1016 2932 differentiale
1046 2811 1186 2918 de,
1217 2813 1287 2902 nist
1315 2817 1482 2934 aquatio
1509 2815 1689 2906 statuatur
1708 2819 1815 2922 *ittet
1836 2849 1865 2906 x
1879 2823 1922 2904 bt

499 2961 502 2966 ’
510 2965 565 3054 7,
595 2938 773 3052 integrari
794 2955 975 3051 nequeat.
1275 2959 1280 2969 ·
1791 2943 1796 2952 '

863 3164 922 3255 -ss
1002 3147 1408 3270 acuonrbu

580 3407 647 3496 37.
683 3377 888 3496 ¹Qroniam
907 3377 1064 3470 maximi
1088 3386 1286 3470 minimive
1307 3383 1468 3470 formula
1488 3369 1557 3469 W
1578 3379 1698 3470 debet
1721 3379 1796 3472 ess'e
1817 3381 1919 3471 inte·

518 3503 621 3618 grale
635 3501 806 3588 formula
826 3499 1086 3588 differentialis
1105 3497 1310 3585 indefinita
1331 3503 1442 3614 primi
1455 3501 1618 3614 gradusr
1643 3503 1718 3586 hoc
1740 3504 1795 3586 est
1813 3505 1920 3610 cujus

518 3615 704 3736 integrale
733 3619 799 3706 fiat
834 3621 1024 3732 quantitas
1056 3615 1185 3711 finitur
1219 3645 1264 3703 ea
1289 3615 1453 3704 formula
1484 3617 1742 3704 differentialis
1774 3611 1921 3730 semper

496 3741 498 3746 ’
518 3737 570 3824 ad
602 3733 819 3846 hujusmodi
841 3735 1003 3820 formam
1032 3733 1138 3819 de
1154 3736 1296 3850 poterit
1314 3735 1468 3834 reduci,
1493 3763 1570 3846 ope
1601 3735 1810 3821 litterarum
1821 3761 1863 3848 p,
1878 3757 1914 3849 q,

493 3871 564 3956 'r,
596 3862 671 3940 διο.
704 3850 755 3939 Et
779 3853 876 3938 hanc
894 3853 949 3937 ob
963 3883 1042 3939 rem
1056 3854 1094 3934 in
1111 3844 1355 3964 sequentibus
1381 3854 1535 3935 maximi
1560 3849 1920 3937 minimireformu·

518 3973 556 4054 ia
570 3998 764 4082 perpetuo
781 4000 850 4084 per
859 3971 903 4078 s
902 3965 1009 4054 de
1027 3967 1143 4053 nobis
1169 3963 1410 4052 indicabitur.
1460 3963 1542 4052 Erit
1563 3993 1690 4054 aurem
1714 3967 1752 4052 Z
1773 3965 1920 4055 functio

517 4082 740 4186 noniolum
764 4089 1019 4202 quantitatum
1041 4115 1070 4190 x.
1094 4089 1133 4168 &
1153 4116 1200 4199 y,
1234 4081 1430 4171 sedetiam
1461 4085 1676 4170 continebit
1700 4087 1843 4172 litteras
1865 4112 1916 4204 p,

517 4235 570 4320 q,
597 4236 639 4296 r,
677 4203 751 4289 bec.
806 4201 866 4292 Ita
901 4203 1041 4290 fiarea
1073 4197 1229 4290 'Aazz
1263 4201 1404 4288 debeat
1445 4189 1519 4288 cue
1549 4207 1716 4288 maxima
1751 4207 1814 4288 vei
1847 4205 1921 4288 mi·

517 4321 651 4420 nima,
682 4320 845 4404 formula
874 4317 941 4402 W
956 4322 1078 4404 abibit
1107 4321 1144 4402 in
1160 4317 1304 4426 sydx3
1338 4327 1399 4420 ἀ,
1425 4315 1681 4432 srsuperficies
1710 4315 1820 4405 solidi
1853 4347 1921 4406 ro·

517 4437 629 4522 tundi
677 4437 786 4548 quod
816 4461 1025 4549 generatur
1042 4437 1238 4548 rotatione
1252 4465 1375 4520 curva
1407 4464 1512 4520 amz
1542 4440 1640 4522 circa
1678 4465 1790 4526 axem
1823 4433 1921 4523 ΑΖ

520 4553 662 4644 debeat
688 4549 762 4643 effe
783 4555 947 4640 maxima
966 4553 1030 4660 vel
1053 4551 1235 4655 minima,
1255 4553 1327 4638 erit
1349 4550 1418 4641 W
1419 4543 1488 4631 ὲ
1491 4554 1546 4670 sy
1557 4557 1618 4639 dx
1635 4557 1695 4664 u(
1710 4587 1725 4642 r
1741 4569 1790 4652 4-
1797 4561 1917 4668 ma

1803 4696 1923 4788 atque
