4284 5600
553 485 638 567 ²44
696 443 1357 540 DEM'ETHoDoqu.H
1379 444 1852 536 matthanian.
1935 509 1940 516 -

549 607 678 688 blema
701 598 893 713 postulet,
924 598 1024 684 inter
1049 623 1185 682 omnes
1201 597 1366 679 omnino
1393 619 1526 677 curvas
1547 595 1598 678 ad
1620 593 1784 680 eamdem
1811 595 1947 686 abscis-

550 717 626 804 sam
648 721 813 817 relatas,
845 743 929 799 eam
951 717 992 798 in
1015 741 1092 827 qua
1109 709 1291 824 exprelsro
1313 711 1502 824 quaepiam
1524 709 1722 795 indefinita
1741 719 1950 805 maximum

550 836 802 920 minimumve
828 833 1212 919 obtineatvaloremr
1244 851 1326 911 tum
1344 828 1443 909 illius
1465 826 1707 939 expressionis
1725 836 1951 940 quarendus

552 953 606 1036 est
624 952 733 1034 valor
752 949 1038 1037 differentialisr
1069 949 1136 1060 qui
1159 944 1280 1027 nihilo
1297 941 1449 1057 aqualis
1468 942 1611 1053 posrtus
1630 943 1740 1026 dabit
1764 953 1948 1062 aquatio·

552 1096 643 1152 nem
673 1093 744 1178 pro
769 1059 904 1148 Curva
921 1061 1084 1173 quaefita.
1147 1059 1276 1170 Quod
1295 1059 1321 1144 fi
1343 1084 1493 1158 autem,
1525 1061 1623 1144 inter
1652 1087 1791 1146 omnes
1817 1093 1952 1156 curvas
2098 1115 2099 1118 κ

552 1211 635 1296 qux
659 1207 733 1264 una
757 1174 974 1293 pluribusve
1001 1177 1294 1291 proprietatibus
1316 1176 1584 1260 communibus
1613 1175 1836 1288 gaudeant,
1864 1211 1949 1270 eam

551 1297 701 1384 definiri
724 1318 930 1410 oporteat,
960 1299 1000 1378 in
1021 1322 1099 1408 qua
1118 1295 1227 1377 valor
1256 1287 1461 1402 cujuspiam
1485 1291 1728 1403 exprelsronis
1748 1299 1949 1409 propofitae

552 1413 619 1500 fiat
642 1416 827 1497 maximus
849 1412 914 1496 vel
942 1413 1121 1494 minimus
1135 1441 1151 1501 r.
1180 1433 1289 1507 tum,
1323 1433 1400 1491 tam
1422 1405 1645 1520 fingularttm
1672 1415 1951 1522 proprietatum

404 1529 409 1534 ’
551 1533 839 1628 communium,
871 1553 987 1639 quam
1024 1527 1182 1610 maximi
1212 1525 1437 1622 minimive,
1468 1523 1709 1634 expressionis
1735 1533 1851 1639 quari
1881 1533 1947 1618 de·

551 1647 647 1731 bent
661 1647 812 1730 valores
834 1643 1114 1738 differentiales,
1138 1641 1258 1753 hique
1274 1638 1324 1724 srn
1379 1641 1406 1722 li
1415 1667 1484 1750 ptr
1504 1641 1717 1726 constantes
1736 1645 1949 1738 arbitrariae

550 1763 998 1872 multiplicari,quorum
1017 1757 1311 1870 produdorum
1358 1783 1459 1838 mma
1488 1757 1612 1840 nihilo
1642 1761 1794 1872 aequalis
1825 1764 1948 1876 pofita

549 1877 659 1960 dabit
685 1877 941 1988 aquationem
964 1904 1036 1987 pro
1056 1866 1192 1957 Curva
1217 1870 1384 1983 qutesrta.
1440 1863 1512 1956 Ad
1535 1875 1704 1958 valorem
1723 1901 1852 1962 autem
1872 1881 1946 1966 dis·

548 1991 784 2077 serentialem
812 1985 992 2103 cujusque
1022 1987 1264 2102 exprelsronis
1295 1987 1599 2074 indeterminata
1628 1992 1945 2099 inveniendum,

548 2104 721 2219 Regulas
753 2109 793 2189 in
820 2103 1073 2219 superioribus
1106 2100 1314 2214 Capitibus
1339 2097 1562 2188 sufficientes
1583 2131 1701 2219 atque
1732 2111 1944 2200 admodum

546 2221 675 2310 faciles
694 2221 934 2306 tradidimus,
990 2215 1188 2329 Ejusmodi
1208 2221 1310 2304 enim
1334 2218 1515 2333 expressio
1530 2221 1848 2328 indeterminata,
1868 2229 1944 2318 srve

547 2342 821 2453 proprietatem
848 2365 1093 2422 communem
1125 2337 1350 2434 continens,
1381 2335 1459 2420 five
1482 2340 1689 2422 maximum
1726 2344 1942 2431 minimum·
2098 2413 2099 2452 ,

545 2483 628 2556 ve,
659 2479 851 2567 perpetuo
869 2453 932 2538 vel
953 2456 1006 2539 est
1022 2451 1187 2538 formula
1201 2453 1396 2563 integralis
1415 2451 1591 2565 srmplerr,
1614 2455 1837 2544 vetfirnnio
1850 2461 1943 2548 dua-

545 2563 1829 2788 {lrlallillilliduilTllrfilliilll‘d‘f‘iimdi‘⁰‘rviimi
1849 2607 1946 2779 ,30

545 2827 659 2912 cepta
686 2713 957 2914 εκροῑυίωυὲετ,
996 2713 1162 2914 quoruln
1189 2827 1267 2912 ope
1293 2739 1480 2908 ejusmlrdi
1513 2715 1758 2888 sorrlrularum
1788 2721 1943 2896 saliares

543 2917 813 3013 differentiales
832 2917 990 3028 reperiri
1005 2941 1176 3031 queantr
1208 2916 1277 3000 ubi
1305 2917 1404 3000 hanc
1430 2917 1720 3032 indagationem
1752 2922 1803 3008 ad
1827 2927 1942 3038 quin·

540 3062 619 3148 que
649 3029 750 3120 casus
780 3033 1017 3119 reduximus,
1083 3029 1440 3141 Quemadmodum
1463 3060 1596 3120 autem
1622 3028 1830 3124 secundum
1857 3043 1935 3126 hac

539 3149 677 3237 eadem
697 3173 911 3263 praecepta,
943 3143 1198 3261 cujuscunque
1215 3145 1419 3234 funmonis
1443 3151 1604 3236 duarum
1628 3151 1846 3264 pluriumve
1861 3155 1944 3241 sor·

538 3269 733 3350 mularum
753 3265 993 3376 integralium
1025 3264 1247 3374 simplicium
1270 3263 1378 3349 valor
1411 3263 1672 3352 differentialis
1701 3275 1937 3359 conveniens

538 3381 688 3468 definiri
715 3403 856 3494 queat,
886 3381 928 3465 id
947 3385 985 3466 in
1005 3377 1173 3490 ejusdem
1204 3375 1308 3494 Cap.
1328 3376 1429 3482 IV,
1458 3375 1728 3497 Propofitione
1757 3419 1814 3496 4.
1836 3389 1937 3472 indi-

537 3499 739 3597 cavimus,
771 3496 1011 3612 modumqut
1036 3495 1370 3582 differentiationis
1394 3497 1552 3588 similem
1578 3526 1698 3614 atque
1732 3497 1817 3587 satis
1844 3502 1939 3588 saci·

535 3613 613 3698 lem
637 3607 900 3723 exposuimus:
931 3617 985 3698 ita
1009 3617 1116 3699 utin
1137 3615 1216 3700 hoc
1238 3641 1381 3732 genere
1399 3619 1498 3707 nihil
1516 3611 1699 3738 superesse
1725 3619 1903 3708 videatur
1917 3677 1942 3724 „

532 3727 649 3846 quod
666 3723 815 3846 insuper
841 3727 886 3815 fit
912 3729 1194 3841 adjiciendum.
1726 3743 1731 3749 '

1094 4077 1422 4232 UNI&

2097 1233 2099 1330 l
