4284 5600
480 341 562 434 spo
755 327 853 406 Μ
900 325 1062 408 USU
1114 319 1639 430 matusalam}
1718 446 1720 454 y

896 543 927 618 S
947 543 979 616 C
1002 545 1043 620 Η
1060 545 1089 615 0
1109 541 1139 614 s-
1161 543 1184 616 s·
1204 546 1233 616 ⁰
1253 545 1295 619 Ν
1340 544 1361 617 s
1372 545 1401 620 s·

540 768 611 850 42.
642 727 724 826 His
746 734 861 853 igitur
885 733 1095 852 Ctpitibus
1118 737 1271 852 penitus
1305 729 1541 824 absolvimus
1567 761 1654 822 eant
1685 732 1891 830 Messoa*

483 859 737 944 maximorum
768 883 813 940 ac
842 858 1088 942 minimorum
1125 855 1175 940 ad
1204 857 1322 941 lineas
1359 882 1493 938 curvas
1527 857 1781 942 inveniendas
1815 885 1882 945 ac·

483 972 743 1058 commodate
766 997 936 1084 partem,
967 1001 1084 1086 quarn
1104 967 1314 1056 absolutam
1334 973 1590 1056 vocavimus:
1624 975 1664 1056 in
1686 1001 1764 1088 qua
1784 971 1883 1062 sem.

483 1121 552 1205 per
574 1092 673 1176 linea
705 1117 818 1176 curva
843 1091 984 1206 requiri
1014 1087 1140 1192 solet,
1164 1117 1258 1203 quae.
1280 1091 1455 1189 habeat,
1487 1119 1559 1204 pro
1585 1089 1681 1176 dato
1705 1093 1892 1205 quodem.

484 1202 642 1312 abscissos
667 1199 730 1294 seu
751 1207 905 1302 alterius
924 1208 1117 1292 variabilis
1131 1237 1161 1288 x
1183 1207 1345 1308 valore,
1376 1205 1650 1319 expreffionem
1670 1233 1881 1322 quamcun-

484 1324 921 1438 qucindetetminatam‚
939 1327 1155 1410 maximum
1179 1325 1446 1410 minimumve·
1507 1323 1618 1413 Nam
1645 1327 1713 1410 illa
1731 1320 1889 1442 expres·-

484 1441 571 1542 fio,
603 1471 688 1556 quas
715 1444 923 1526 marsianum
951 1444 1203 1527 minimumve
1226 1440 1300 1528 else
1321 1441 1472 1540 debet,
1500 1444 1656 1526 velerit
1679 1471 1754 1528 una
1775 1473 1889 1558 quas·-

485 1560 577 1644 darn
600 1557 764 1644 formula
781 1561 973 1674 integralis
994 1556 1319 1666 sormaesst,
1343 1561 1397 1643 ita
1419 1583 1461 1644 ut
1483 1557 1521 1642 Z
1539 1559 1583 1642 srt
1602 1559 1749 1644 funslio
1774 1589 1877 1672 quae·

485 1703 642 1790 cunque
671 1670 831 1790 ipsarum
852 1704 905 1776 x,
964 1737 976 1772 ,
989 1703 1041 1790 p,
1063 1707 1115 1790 q,
1145 1680 1220 1760 &e
1248 1674 1326 1763 five
1354 1662 1513 1762 delinisa
1544 1674 1620 1761 srve
1643 1673 1887 1768 indefinitas·

485 1821 558 1909 pro
583 1795 724 1907 quibus
747 1793 891 1878 cafibus
973 1793 1164 1880 ethodum
1192 1791 1418 1877 tradidimus
1436 1796 1475 1876 in
1500 1789 1707 1905 Capitibus
1737 1820 1878 1906 prace-

486 1910 694 1997 dentibus:
723 1905 805 1996 Vel
821 1911 982 1996 maximi
1005 1911 1207 1995 minimive
1228 1907 1418 2022 exprellio
1444 1911 1509 1994 illa
1535 1910 1751 1996 continebit
1772 1913 1812 1995 in
1840 1903 1893 1998 se·

485 2030 613 2143 plures
630 2019 818 2136 ejusmodi
838 2025 1022 2113 formulas
1040 2027 1264 2142 integrales,
1292 2027 1344 2113 ita
1361 2049 1404 2111 ut
1417 2025 1460 2112 fit
1482 2027 1643 2125 duarum
1662 2029 1878 2140 pluriumve

484 2143 733 2232 formularum
747 2143 987 2257 integrallum
1002 2143 1412 2260 firmio-quecunque
1424 2173 1495 2257 pro
1509 2145 1664 2259 hocque
1685 2137 1769 2230 casu
1783 2137 1876 2234 Me-

487 2262 630 2348 tlrodus
658 2259 802 2348 idonea
823 2264 862 2346 in
884 2263 961 2346 isto
982 2257 1127 2376 Capite
1159 2264 1214 2348 est
1245 2261 1444 2375 exposta,
1474 2285 1595 2400 atque
1620 2257 1815 2374 Exemplis
1833 2261 1887 2348 il·-

486 2381 649 2466 lustrata·
709 2373 900 2470 Universa
918 2405 1049 2466 autem
1071 2375 1322 2478 Methodus,
1353 2405 1471 2494 quam
1502 2378 1565 2462 luc
1579 2375 1791 2477 dedimus,
1820 2380 1885 2464 ni·

486 2495 578 2584 titus
602 2498 830 2584 inventione
851 2499 1027 2583 valorum
1061 2497 1370 2584 differentialium·
1383 2555 1396 2597 ‚
1429 2497 1497 2610 qui
1524 2492 1675 2610 lingulis
1706 2494 1893 2582 formulis:

487 2613 735 2728 integralibus
765 2644 850 2728 qua
873 2617 936 2702 vel
968 2609 1052 2730 {pb
1075 2616 1283 2702 maximum
1302 2614 1555 2700 minimumve
1590 2609 1664 2699 else
1684 2609 1895 2712 debeant,

488 2733 554 2818 vel
575 2733 613 2815 in
636 2733 791 2814 maximi
807 2729 1250 2846 minimiveerrprellione
1264 2733 1550 2823 contineantur,
1572 2752 1692 2840 atque
1708 2729 1801 2815 ideo
1814 2751 1895 2814 to·⁴

488 2869 530 2934 ta
552 2842 730 2932 solvendi
750 2843 973 2934 Methodus
991 2849 1187 2935 reducitur
1207 2849 1259 2936 ad
1283 2843 1408 2936 Casus
1425 2849 1542 2944 illos,
1573 2871 1675 2960 quos
1699 2859 1781 2953 §.7
1809 2847 1893 2932 hu·--

487 2965 549 3075 jus
567 2961 722 3077 Capitis
744 2968 979 3074 conjunslim
997 2962 1361 3080 representavimus.
1423 2961 1511 3072 Qui
1532 2964 1646 3080 igitur
1671 2965 1759 3050 illos
1777 2955 1898 3046 casus*

488 3083 529 3168 in
553 3084 741 3169 memoria
771 3105 906 3186 tenet,
929 3085 995 3172 vel
1024 3085 1064 3168 in
1100 3107 1257 3198 promtu
1287 3083 1436 3184 habet,
1467 3083 1499 3166 is
1527 3080 1580 3166 ad
1599 3083 1732 3169 omnia
1768 3081 1897 3188 hujus¹

486 3202 639 3314 generis
667 3196 914 3284 Problemata
939 3199 1120 3314 expedite
1149 3196 1379 3286 resolvenda
1404 3199 1476 3286 etit
1507 3225 1671 3314 paratus.
1731 3195 1898 3311 Neque*

490 3341 588 3398 vero
612 3309 730 3398 solum
752 3312 875 3400 Casus
902 3316 958 3402 ibi
978 3321 1191 3404 enumerati
1211 3313 1456 3414 Methodum
1479 3319 1734 3403 maximorum
1752 3343 1798 3403 ac
1811 3313 1896 3399 mi·-

491 3431 685 3518 nimorum
707 3426 918 3516 absolutam
937 3435 1193 3526 constituunt;
1225 3463 1361 3521 verum
1385 3435 1501 3520 etiam
1523 3429 1767 3521 Methodum
1784 3433 1884 3518 alte·

491 3571 573 3633 tarn
591 3547 820 3647 relativam,
851 3576 967 3659 quam
993 3551 1035 3633 in
1061 3545 1308 3667 sequentibus
1328 3551 1616 3666 aggrediemur,
1644 3547 1846 3638 absolvent
1865 3577 1898 3638 s:

493 3691 543 3752 ex
567 3691 647 3780 quo
662 3665 816 3750 illorum
832 3661 1002 3750 Casuum
1020 3661 1186 3757 summus
1203 3663 1287 3758 usus
1302 3673 1343 3756 in
1361 3696 1522 3786 utraque
1540 3665 1745 3758 Methodo
1758 3665 1898 3752 abun·-

492 3779 545 3868 de
572 3777 825 3896 perspicietur.
886 3779 1007 3869 Hanc
1026 3812 1154 3874 auteur
1182 3791 1446 3876 montionem
1482 3787 1635 3872 duobus
1675 3779 1902 3898 Capitibusr

492 3894 763 4002 absolvemus,
793 3902 833 3984 in
847 3927 1013 4016 quorum
1026 3903 1145 4016 priori
1163 3904 1530 3996 omnibus‘curvis.
1563 3901 1898 4018 eatquibttsqute·¹

460 4085 466 4092 .
494 4011 563 4100 uta
589 4013 709 4104 debes
726 4019 830 4110 erui,
864 4047 979 4104 unam
1001 4019 1196 4132 quandam
1218 4025 1509 4142 proprietatem.
1525 4045 1779 4134 communem
1795 4075 1824 4122 2.
1843 4011 1902 4104 1⁰¹

494 4129 694 4244 posteriori
715 4137 956 4254 veroplures
977 4137 1220 4231 tribuemus..
1314 4131 1320 4140 ’
