4284 5600
485 449 569 534 '228
948 452 1046 520 Μ
1102 441 1517 520 MBT'Houo

482 635 515 682 u
536 605 575 681 δι
597 587 721 680 Gsunt
749 593 980 710 quantitates
999 593 1214 678 constantes
1236 617 1490 704 quaecunque.
1552 581 1895 706 Delignemusjam

404 755 409 766 =
487 716 593 800 illam
619 739 778 797 curvam
798 771 809 810 ,
842 714 881 796 in
901 737 978 828 qua
998 709 1041 795 sit
1066 748 1093 793 a
1106 713 1154 794 A
1169 723 1217 804 -Ι-
1232 706 1297 796 CB
1313 711 1546 808 maximum,
1572 709 1696 795 littera
1717 713 1783 824 Q,
1808 740 1894 827 quo

487 859 573 916 eam
595 827 742 914 facilius
774 826 850 914 fine
876 827 1034 912 molclla
1057 827 1264 912 verborum
1290 819 1546 939 descriptione
1569 825 1737 912 indicate
1806 857 1895 914 uca-

486 976 595 1038 mus;
628 943 751 1044 Nunc
770 947 1005 1058 concipiatur
1024 943 1096 1034 alia
1115 969 1355 1058 quotcunque
1384 969 1499 1028 curva
1522 941 1559 1027 R
1586 943 1715 1056 eidem
1734 857 1893 1032 abicitsae

486 1057 743 1174 respondens,
775 1089 861 1172 quae
897 1061 1054 1170 recipiat
1076 1058 1249 1144 fotmulae
1269 1063 1309 1143 A
1334 1058 1502 1144 eundem
1525 1060 1730 1160 valorem,
1773 1089 1891 1174 quem

486 1203 594 1268 tenet
608 1205 731 1286 curva
750 1181 813 1286 Q:
849 1181 888 1264 in
919 1178 989 1262 liac
1009 1177 1123 1289 igitur
1155 1203 1272 1258 curva
1294 1177 1330 1261 tt
1352 1173 1536 1288 expressio
1563 1177 1638 1260 οιΑ
1661 1189 1709 1274 -l-
1728 1180 1750 1259 G
1758 1173 1796 1258 Β
1821 1182 1892 1264 mi·

486 1324 623 1384 norem
644 1296 850 1406 occupabit
869 1297 1068 1390 valorem,
1099 1319 1216 1406 quam
1237 1295 1276 1376 iii
1307 1319 1421 1378 curva
1442 1295 1505 1400 Ως
1538 1319 1589 1378 eo
1611 1291 1723 1408 quod
1750 1293 1790 1377 in
1809 1320 1893 1382 cut·

487 1441 538 1497 va
566 1409 809 1523 Qeiiptelsto
832 1411 917 1496 uA
935 1423 984 1504 ÷
1007 1406 1076 1494 CB
1100 1411 1274 1492 omnium
1301 1408 1510 1494 maximum
1532 1411 1705 1495 valorem
1724 1404 1890 1498 sortitur.

487 1527 630 1637 Quare
648 1557 735 1611 cum
760 1529 799 1610 in
821 1527 944 1614 curvis
958 1529 1006 1635 ‚Q
1023 1530 1061 1608 δι
1085 1523 1120 1607 R
1150 1523 1334 1636 expressio
1365 1527 1412 1608 A
1432 1525 1601 1616 eundem
1622 1525 1798 1610 obtineat
1819 1553 1887 1613 va·

485 1647 635 1754 lorem,
667 1670 783 1756 atque
808 1645 846 1730 in
869 1639 1343 1754 QexptelsioaA÷CB
1361 1644 1484 1750 major
1507 1641 1552 1726 sit
1566 1668 1682 1754 quain
1707 1643 1745 1728 iti
1771 1669 1888 1730 curva

485 1761 551 1852 R;
584 1756 750 1874 sequitur
782 1760 822 1843 in
847 1786 962 1846 curva
987 1761 1049 1870 Q
1065 1757 1239 1842 valorem
1267 1756 1510 1870 expressionis
1535 1755 1570 1840 B
1594 1759 1783 1866 majorem
1815 1756 1889 1846 elle

484 1877 630 1964 debere
652 1903 768 1990 quam
791 1879 831 1960 iii
856 1901 973 1962 curva
990 1871 1040 1960 tt.
1100 1867 1210 1960 Cum
1236 1871 1351 1986 igitur
1372 1873 1408 1958 R
1438 1899 1594 1959 curvant
1619 1900 1888 1989 quamcunque

484 1996 676 2092 denotet,
708 2019 795 2106 quae
816 2018 903 2078 cum
925 1993 1240 2098 Qcommunem
1262 1991 1435 2077 valorem
1455 1988 1627 2075 formulae
1644 1993 1692 2074 A
1706 1994 1882 2104 recipiatt

484 2109 723 2197 manifestum
744 2111 798 2194 est
823 2109 921 2194 inter
942 2132 1080 2193 omnes
1103 2107 1171 2190 has
1193 2131 1327 2190 curvas
1350 2105 1386 2188 sl
1416 2131 1571 2208 curvam
1604 2103 1739 2217 Qelse
1758 2109 1884 2211 illam,

484 2229 526 2312 in
552 2254 629 2340 qua
651 2223 814 2310 mimula
835 2221 873 2308 Β
899 2223 1106 2308 maximum
1128 2221 1270 2308 habeat
1292 2221 1479 2307 valorem.
1540 2217 1600 2307 Ex
1621 2223 1762 2337 quibus
1791 2253 1887 2310 coti·

457 2343 635 2442 -ficitur,
667 2368 757 2426 eam
778 2367 960 2432 curvam,
998 2365 1086 2452 quae
1106 2339 1205 2426 inter
1235 2363 1372 2425 omnes
1402 2339 1565 2422 omnino
1588 2365 1721 2426 curtas
1744 2340 1887 2428 habeat

485 2457 729 2571 expressionis
749 2493 776 2540 a
789 2453 837 2540 A
850 2469 899 2552 -l-
917 2452 989 2540 CB
1006 2455 1178 2543 valorem
1204 2455 1414 2540 maximum
1443 2455 1508 2540 vel
1530 2455 1761 2556 minimum,
1792 2481 1883 2544 em-

485 2577 577 2660 dcm
605 2602 760 2658 curvam
780 2571 888 2657 simul
919 2573 973 2655 ita
1004 2566 1078 2658 else
1106 2595 1393 2684 comparatam,
1425 2593 1469 2654 ut
1503 2572 1603 2657 iiirer
1626 2599 1766 2660 omnes
1793 2575 1886 2660 alias

485 2715 619 2774 curvas
639 2684 763 2772 secum
795 2686 933 2770 eadem
964 2687 1160 2770 communi
1198 2687 1432 2798 proprietate
1457 2685 1505 2770 'A
1532 2689 1741 2798 gaudentes
1768 2687 1885 2800 polli-

484 2807 578 2892 dcat
600 2805 810 2890 maximum
834 2803 1084 2888 minimumve
1107 2802 1280 2888 valorem
1305 2799 1544 2916 exprellionis
1562 2799 1610 2891 B.
1643 2799 1885 2918 Quanquam

484 2923 590 3008 enim
610 2915 904 3008 Demonstratio
934 2941 1082 3004 tanmm
1108 2917 1160 3002 ad
1188 2919 1396 3005 maximum
1427 2920 1480 3004 cll
1503 2917 1720 3020 adornata,
1752 2943 1883 3006 tamen

483 3037 651 3242 {adelph
681 3036 868 3127 translatis
894 3037 1055 3152 uerbis,
1093 3031 1146 3124 ad
1173 3035 1377 3126 minimum
1403 3035 1773 3151 accommodabitiu.
1818 3033 1887 3156 Q

956 3369 1403 3464 Conotul.

549 3619 589 3673 2.
619 3579 795 3672 Vicissim
825 3585 955 3700 itaque
977 3585 1229 3704 intelligitur,
1260 3585 1425 3678 licutva
1455 3585 1600 3678 debeat
1620 3585 1835 3702 investigati
1864 3603 1883 3688 ς

485 3704 694 3819 quainter
720 3730 856 3788 omnes
879 3704 972 3788 alias
996 3705 1133 3792 eadem
1151 3707 1349 3794 communi
1377 3706 1611 3821 proptietate
1635 3703 1687 3792 A
1707 3702 1884 3814 praeditas

485 3819 759 3932 expressionem
785 3816 821 3903 Β
847 3815 889 3903 lit
915 3820 1089 3904 habitura
1111 3823 1320 3908 maximum
1346 3824 1411 3910 vel
1427 3823 1648 3913 minimumr
1672 3844 1755 3905 turn
1778 3845 1880 3932 quae-

485 3937 558 4022 fito
581 3933 766 4029 satisfieri,
790 3934 816 4020 si
836 3930 1011 4025 absolute
1031 3938 1130 4021 inter
1149 3963 1285 4024 omncs
1297 3965 1432 4032 curvat
1453 3967 1502 4028 ea
1520 3934 1884 4050 delimatur,Irtqua

487 4049 532 4142 sit
557 4051 641 4134 οιΑ
655 4065 704 4152 ÷
719 4049 787 4138 CB
803 4056 1011 4142 nummum
1038 4053 1103 4138 vel
1127 4050 1342 4144 mittimum.

945 4263 1419 4360 Conoaull

508 4427 511 4432 ¹
550 4507 601 4591 3„
619 4473 663 4565 In
683 4473 912 4565 solutionem
935 4480 1052 4593 igitur
1075 4479 1293 4592 hujusmodi
1320 4447 1616 4574 problematum
1644 4484 1744 4570 biote
1769 4505 1886 4566 novae

339 4597 346 4606 '
484 4595 750 4744 ingrediuntur
767 4595 982 4743 tonllames
1002 4597 1208 4690 abietarii:
1230 4637 1258 4688 a
1278 4607 1320 4712 ue
1341 4605 1387 4712 G,
1411 4629 1498 4718 quae
1520 4605 1563 4692 in
1582 4599 1670 4754 ipsis
1683 4627 1759 4718 exp
1773 4711 1888 4802 nibus
