<?xml version="1.0" encoding="UTF-8"?>
<!DOCTYPE html PUBLIC "-//W3C//DTD XHTML 1.0 Transitional//EN"
    "http://www.w3.org/TR/xhtml1/DTD/xhtml1-transitional.dtd">
<html xmlns="http://www.w3.org/1999/xhtml" xml:lang="en" lang="en">
 <head>
  <title>
</title>
<meta http-equiv="Content-Type" content="text/html;charset=utf-8" />
  <meta name='ocr-system' content='tesseract 3.04.00' />
  <meta name='ocr-capabilities' content='ocr_page ocr_carea ocr_par ocr_line ocrx_word'/>
</head>
<body>
  <div class='ocr_page' id='page_1' title='image "./methodusinvenie00eulegoog_0045.png"; bbox 0 0 4444 5618; ppageno 0'>
   <div class='ocr_carea' id='block_1_1' title="bbox 512 457 1670 560">
    <p class='ocr_par' dir='ltr' id='par_1_1' title="bbox 512 457 1670 560">
     <span class='ocr_line' id='line_1_1' title="bbox 512 457 1670 560; baseline -0.016 -16"><span class='ocrx_word' id='word_1_1' title='bbox 512 466 567 560; x_wconf 73' lang='lat'>38</span> <span class='ocrx_word' id='word_1_2' title='bbox 755 459 1505 534; x_wconf 66' lang='lat' dir='ltr'>DEMEfHoDoMA1.M</span> <span class='ocrx_word' id='word_1_3' title='bbox 1535 457 1670 532; x_wconf 69' lang='lat' dir='ltr'>taint.</span> 
     </span>
    </p>
   </div>
   <div class='ocr_carea' id='block_1_2' title="bbox 504 597 1918 838">
    <p class='ocr_par' dir='ltr' id='par_1_2' title="bbox 504 597 1918 838">
     <span class='ocr_line' id='line_1_2' title="bbox 504 597 1918 732; baseline -0.006 -35"><span class='ocrx_word' id='word_1_4' title='bbox 504 609 544 714; x_wconf 86' lang='lat' dir='ltr'><em>J</em></span> <span class='ocrx_word' id='word_1_5' title='bbox 542 607 611 696; x_wconf 73' lang='grc' dir='ltr'>ΖΔ</span> <span class='ocrx_word' id='word_1_6' title='bbox 623 636 651 683; x_wconf 80' lang='lat' dir='ltr'><em>x</em></span> <span class='ocrx_word' id='word_1_7' title='bbox 676 633 746 715; x_wconf 86' lang='lat' dir='ltr'>pto</span> <span class='ocrx_word' id='word_1_8' title='bbox 771 631 1003 720; x_wconf 85' lang='lat' dir='ltr'>quacunque</span> <span class='ocrx_word' id='word_1_9' title='bbox 1022 599 1175 702; x_wconf 76' lang='lat' dir='ltr'>abscissa</span> <span class='ocrx_word' id='word_1_10' title='bbox 1198 629 1278 698; x_wconf 88' lang='lat' dir='ltr'>tam</span> <span class='ocrx_word' id='word_1_11' title='bbox 1309 604 1348 687; x_wconf 89' lang='lat' dir='ltr'>in</span> <span class='ocrx_word' id='word_1_12' title='bbox 1382 597 1574 705; x_wconf 85' lang='lat' dir='ltr'>infinitum</span> <span class='ocrx_word' id='word_1_13' title='bbox 1599 597 1766 690; x_wconf 85' lang='lat' dir='ltr'>crescere</span> <span class='ocrx_word' id='word_1_14' title='bbox 1800 625 1918 732; x_wconf 84' lang='lat' dir='ltr'>quant</span> 
     </span>
     <span class='ocr_line' id='line_1_3' title="bbox 512 720 872 838; baseline 0.006 -30"><span class='ocrx_word' id='word_1_15' title='bbox 512 720 736 832; x_wconf 68' lang='lat' dir='ltr'>decrescere</span> <span class='ocrx_word' id='word_1_16' title='bbox 753 720 872 838; x_wconf 85' lang='lat' dir='ltr'>polle.</span> 
     </span>
    </p>
   </div>
   <div class='ocr_carea' id='block_1_3' title="bbox 936 943 1440 1018">
    <p class='ocr_par' dir='ltr' id='par_1_3' title="bbox 936 943 1440 1018">
     <span class='ocr_line' id='line_1_4' title="bbox 936 943 1440 1018; baseline -0.004 -2"><span class='ocrx_word' id='word_1_17' title='bbox 936 943 1334 1018; x_wconf 79' lang='lat' dir='ltr'><strong><em>SCHOLION</em></strong></span> <span class='ocrx_word' id='word_1_18' title='bbox 1378 943 1440 1014; x_wconf 87' lang='grc' dir='ltr'>Η.</span> 
     </span>
    </p>
   </div>
   <div class='ocr_carea' id='block_1_4' title="bbox 397 1125 1978 2066">
    <p class='ocr_par' dir='ltr' id='par_1_4' title="bbox 397 1125 1978 2066">
     <span class='ocr_line' id='line_1_5' title="bbox 580 1125 1918 1246; baseline 0 -26"><span class='ocrx_word' id='word_1_19' title='bbox 580 1163 647 1240; x_wconf 76' lang='grc' dir='ltr'>1ις.</span> <span class='ocrx_word' id='word_1_20' title='bbox 680 1127 739 1220; x_wconf 79' lang='lat' dir='ltr'>Ex</span> <span class='ocrx_word' id='word_1_21' title='bbox 763 1129 903 1221; x_wconf 85' lang='lat' dir='ltr'>eudem</span> <span class='ocrx_word' id='word_1_22' title='bbox 933 1135 1049 1222; x_wconf 89' lang='lat' dir='ltr'>etiam</span> <span class='ocrx_word' id='word_1_23' title='bbox 1075 1125 1267 1220; x_wconf 87' lang='lat' dir='ltr'>solutione</span> <span class='ocrx_word' id='word_1_24' title='bbox 1299 1133 1453 1246; x_wconf 84' lang='lat' dir='ltr'>repetiti</span> <span class='ocrx_word' id='word_1_25' title='bbox 1486 1153 1670 1246; x_wconf 79' lang='lat' dir='ltr'>poterunt</span> <span class='ocrx_word' id='word_1_26' title='bbox 1688 1133 1763 1222; x_wconf 69' lang='lat' dir='ltr'>illa</span> <span class='ocrx_word' id='word_1_27' title='bbox 1793 1159 1918 1220; x_wconf 76' lang='lat' dir='ltr'>curete</span> 
     </span>
     <span class='ocr_line' id='line_1_6' title="bbox 397 1245 1915 1364; baseline 0.001 -26"><span class='ocrx_word' id='word_1_28' title='bbox 397 1265 400 1272; x_wconf 89' lang='lat'>&#39;</span> <span class='ocrx_word' id='word_1_29' title='bbox 514 1253 679 1338; x_wconf 82' lang='lat' dir='ltr'>maximi</span> <span class='ocrx_word' id='word_1_30' title='bbox 701 1253 899 1338; x_wconf 85' lang='lat' dir='ltr'>minimive</span> <span class='ocrx_word' id='word_1_31' title='bbox 922 1253 1158 1363; x_wconf 81' lang='lat' dir='ltr'>proprietate</span> <span class='ocrx_word' id='word_1_32' title='bbox 1180 1249 1513 1364; x_wconf 80' lang='lat' dir='ltr'>ptaeditaealtetius</span> <span class='ocrx_word' id='word_1_33' title='bbox 1526 1251 1674 1362; x_wconf 87' lang='lat' dir='ltr'>generis</span> <span class='ocrx_word' id='word_1_34' title='bbox 1701 1245 1808 1364; x_wconf 86' lang='lat' dir='ltr'>supra</span> <span class='ocrx_word' id='word_1_35' title='bbox 1823 1281 1915 1340; x_wconf 87' lang='lat' dir='ltr'>me·</span> 
     </span>
     <span class='ocr_line' id='line_1_7' title="bbox 520 1364 1978 1482; baseline 0.001 -26"><span class='ocrx_word' id='word_1_36' title='bbox 520 1395 701 1468; x_wconf 85' lang='lat' dir='ltr'>moratae,</span> <span class='ocrx_word' id='word_1_37' title='bbox 730 1369 780 1454; x_wconf 88' lang='lat' dir='ltr'>ad</span> <span class='ocrx_word' id='word_1_38' title='bbox 804 1396 898 1482; x_wconf 85' lang='lat' dir='ltr'>quas</span> <span class='ocrx_word' id='word_1_39' title='bbox 917 1397 996 1451; x_wconf 90' lang='lat' dir='ltr'>nnn</span> <span class='ocrx_word' id='word_1_40' title='bbox 1025 1368 1246 1480; x_wconf 87' lang='lat' dir='ltr'>pervenitur</span> <span class='ocrx_word' id='word_1_41' title='bbox 1264 1394 1331 1480; x_wconf 90' lang='lat' dir='ltr'>pet</span> <span class='ocrx_word' id='word_1_42' title='bbox 1352 1367 1504 1452; x_wconf 86' lang='lat' dir='ltr'>valotes</span> <span class='ocrx_word' id='word_1_43' title='bbox 1524 1364 1795 1454; x_wconf 85' lang='lat' dir='ltr'>differemiales</span> <span class='ocrx_word' id='word_1_44' title='bbox 1827 1395 1915 1456; x_wconf 83' lang='lat' dir='ltr'>eva·</span> <span class='ocrx_word' id='word_1_45' title='bbox 1968 1381 1978 1388; x_wconf 85' lang='lat'>&#39;</span> 
     </span>
     <span class='ocr_line' id='line_1_8' title="bbox 516 1471 1916 1597; baseline 0 -25"><span class='ocrx_word' id='word_1_46' title='bbox 516 1483 739 1586; x_wconf 86' lang='lat' dir='ltr'>nescentes,</span> <span class='ocrx_word' id='word_1_47' title='bbox 772 1477 837 1568; x_wconf 90' lang='lat' dir='ltr'>sed</span> <span class='ocrx_word' id='word_1_48' title='bbox 862 1471 1011 1570; x_wconf 84' lang='lat' dir='ltr'>inlinite</span> <span class='ocrx_word' id='word_1_49' title='bbox 1033 1513 1197 1597; x_wconf 84' lang='lat' dir='ltr'>magnos</span> <span class='ocrx_word' id='word_1_50' title='bbox 1218 1517 1228 1572; x_wconf 81' lang='lat' dir='ltr'>s</span> <span class='ocrx_word' id='word_1_51' title='bbox 1289 1483 1369 1568; x_wconf 91' lang='lat' dir='ltr'>uod</span> <span class='ocrx_word' id='word_1_52' title='bbox 1399 1483 1653 1566; x_wconf 86' lang='lat' dir='ltr'>maximorum</span> <span class='ocrx_word' id='word_1_53' title='bbox 1674 1489 1714 1569; x_wconf 74' lang='lat' dir='ltr'>bt</span> <span class='ocrx_word' id='word_1_54' title='bbox 1735 1486 1916 1572; x_wconf 87' lang='lat' dir='ltr'>minimo-</span> 
     </span>
     <span class='ocr_line' id='line_1_9' title="bbox 520 1595 1913 1716; baseline -0.003 -28"><span class='ocrx_word' id='word_1_55' title='bbox 520 1632 603 1688; x_wconf 88' lang='lat' dir='ltr'>tum</span> <span class='ocrx_word' id='word_1_56' title='bbox 613 1631 735 1716; x_wconf 84' lang='lat' dir='ltr'>genus</span> <span class='ocrx_word' id='word_1_57' title='bbox 751 1602 802 1685; x_wconf 90' lang='lat' dir='ltr'>ab</span> <span class='ocrx_word' id='word_1_58' title='bbox 815 1603 884 1685; x_wconf 94' lang='lat' dir='ltr'>illo</span> <span class='ocrx_word' id='word_1_59' title='bbox 895 1607 1059 1686; x_wconf 86' lang='lat' dir='ltr'>maxime</span> <span class='ocrx_word' id='word_1_60' title='bbox 1071 1595 1265 1712; x_wconf 82' lang='lat' dir='ltr'>discrepat.</span> <span class='ocrx_word' id='word_1_61' title='bbox 1321 1601 1756 1712; x_wconf 81' lang='lat' dir='ltr'>epetientutautemillae</span> <span class='ocrx_word' id='word_1_62' title='bbox 1771 1629 1913 1704; x_wconf 80' lang='lat' dir='ltr'>cutsae,</span> 
     </span>
     <span class='ocr_line' id='line_1_10' title="bbox 520 1709 1919 1834; baseline 0.001 -30"><span class='ocrx_word' id='word_1_63' title='bbox 520 1718 672 1804; x_wconf 84' lang='lat' dir='ltr'>sivalot</span> <span class='ocrx_word' id='word_1_64' title='bbox 696 1717 953 1804; x_wconf 85' lang='lat' dir='ltr'>differentialis</span> <span class='ocrx_word' id='word_1_65' title='bbox 981 1715 1028 1804; x_wconf 86' lang='lat' dir='ltr'><strong><em>N</em></strong></span> <span class='ocrx_word' id='word_1_66' title='bbox 1031 1721 1103 1801; x_wconf 81' lang='lat' dir='ltr'>dx.</span> <span class='ocrx_word' id='word_1_67' title='bbox 1132 1749 1184 1806; x_wconf 73' lang='lat' dir='ltr'>nt</span> <span class='ocrx_word' id='word_1_68' title='bbox 1206 1743 1285 1801; x_wconf 92' lang='lat' dir='ltr'>non</span> <span class='ocrx_word' id='word_1_69' title='bbox 1312 1717 1456 1817; x_wconf 86' lang='lat' dir='ltr'>nihilo,</span> <span class='ocrx_word' id='word_1_70' title='bbox 1490 1709 1554 1823; x_wconf 86' lang='lat' dir='ltr'>led</span> <span class='ocrx_word' id='word_1_71' title='bbox 1584 1713 1737 1803; x_wconf 89' lang='lat' dir='ltr'>infinito</span> <span class='ocrx_word' id='word_1_72' title='bbox 1762 1722 1919 1834; x_wconf 78' lang='lat' dir='ltr'>aqualis</span> 
     </span>
     <span class='ocr_line' id='line_1_11' title="bbox 518 1827 1919 1950; baseline 0 -28"><span class='ocrx_word' id='word_1_73' title='bbox 518 1857 695 1950; x_wconf 83' lang='lat' dir='ltr'>ponatur.</span> <span class='ocrx_word' id='word_1_74' title='bbox 729 1829 906 1944; x_wconf 82' lang='lat' dir='ltr'>Quoties</span> <span class='ocrx_word' id='word_1_75' title='bbox 925 1835 1039 1950; x_wconf 84' lang='lat' dir='ltr'>igitur</span> <span class='ocrx_word' id='word_1_76' title='bbox 1065 1837 1145 1918; x_wconf 73' lang='lat' dir='ltr'>bec</span> <span class='ocrx_word' id='word_1_77' title='bbox 1169 1835 1336 1946; x_wconf 84' lang='lat' dir='ltr'>aequatio</span> <span class='ocrx_word' id='word_1_78' title='bbox 1363 1827 1410 1918; x_wconf 91' lang='lat' dir='ltr'><strong><em>N</em></strong></span> <span class='ocrx_word' id='word_1_79' title='bbox 1416 1867 1484 1905; x_wconf 90' lang='lat'><strong><em>=</em></strong></span> <span class='ocrx_word' id='word_1_80' title='bbox 1504 1867 1542 1914; x_wconf 76' lang='grc' dir='ltr'>ω</span> <span class='ocrx_word' id='word_1_81' title='bbox 1573 1833 1714 1918; x_wconf 90' lang='lat' dir='ltr'>lineam</span> <span class='ocrx_word' id='word_1_82' title='bbox 1751 1837 1919 1950; x_wconf 84' lang='lat' dir='ltr'>aliquam</span> 
     </span>
     <span class='ocr_line' id='line_1_12' title="bbox 521 1945 1919 2066; baseline -0.001 -28"><span class='ocrx_word' id='word_1_83' title='bbox 521 1979 678 2038; x_wconf 86' lang='lat' dir='ltr'>curvam</span> <span class='ocrx_word' id='word_1_84' title='bbox 699 1945 893 2066; x_wconf 72' lang='lat' dir='ltr'>suggerite</span> <span class='ocrx_word' id='word_1_85' title='bbox 925 1976 1008 2036; x_wconf 89' lang='lat' dir='ltr'>tum</span> <span class='ocrx_word' id='word_1_86' title='bbox 1032 1955 1071 2035; x_wconf 93' lang='lat' dir='ltr'>in</span> <span class='ocrx_word' id='word_1_87' title='bbox 1094 1978 1140 2038; x_wconf 86' lang='lat' dir='ltr'>ea</span> <span class='ocrx_word' id='word_1_88' title='bbox 1165 1953 1304 2064; x_wconf 86' lang='lat' dir='ltr'>paritet</span> <span class='ocrx_word' id='word_1_89' title='bbox 1339 1949 1503 2035; x_wconf 89' lang='lat' dir='ltr'>formula</span> <span class='ocrx_word' id='word_1_90' title='bbox 1524 1947 1678 2057; x_wconf 81' lang='lat' dir='ltr'>sde</span> <span class='ocrx_word' id='word_1_91' title='bbox 1710 1952 1919 2038; x_wconf 82' lang='lat' dir='ltr'>maximum</span> 
     </span>
    </p>
   </div>
   <div class='ocr_carea' id='block_1_5' title="bbox 520 2059 2058 2182">
    <p class='ocr_par' dir='ltr' id='par_1_5' title="bbox 520 2059 2058 2182">
     <span class='ocr_line' id='line_1_13' title="bbox 520 2059 2058 2182; baseline -0.006 -27"><span class='ocrx_word' id='word_1_92' title='bbox 520 2069 586 2155; x_wconf 86' lang='lat' dir='ltr'>vel</span> <span class='ocrx_word' id='word_1_93' title='bbox 609 2070 811 2152; x_wconf 91' lang='lat' dir='ltr'>minimum</span> <span class='ocrx_word' id='word_1_94' title='bbox 831 2068 1028 2153; x_wconf 82' lang='lat' dir='ltr'>obtinebit</span> <span class='ocrx_word' id='word_1_95' title='bbox 1047 2068 1217 2151; x_wconf 86' lang='lat' dir='ltr'>valorem</span> <span class='ocrx_word' id='word_1_96' title='bbox 1240 2102 1248 2150; x_wconf 94' lang='lat'><strong>:</strong></span> <span class='ocrx_word' id='word_1_97' title='bbox 1275 2061 1374 2154; x_wconf 91' lang='lat' dir='ltr'>Hoc</span> <span class='ocrx_word' id='word_1_98' title='bbox 1394 2059 1536 2151; x_wconf 86' lang='lat' dir='ltr'>scilieet</span> <span class='ocrx_word' id='word_1_99' title='bbox 1559 2067 1739 2170; x_wconf 88' lang='lat' dir='ltr'>eveniet,</span> <span class='ocrx_word' id='word_1_100' title='bbox 1758 2069 1919 2182; x_wconf 88' lang='lat' dir='ltr'>quando</span> <span class='ocrx_word' id='word_1_101' title='bbox 2054 2141 2058 2146; x_wconf 82' lang='grc'><strong><em>,</em></strong></span> 
     </span>
    </p>
   </div>
   <div class='ocr_carea' id='block_1_6' title="bbox 391 2181 1921 3550">
    <p class='ocr_par' dir='ltr' id='par_1_6' title="bbox 391 2181 1920 2999">
     <span class='ocr_line' id='line_1_14' title="bbox 519 2181 1919 2300; baseline -0.001 -30"><span class='ocrx_word' id='word_1_102' title='bbox 519 2212 592 2300; x_wconf 90' lang='lat' dir='ltr'>pto</span> <span class='ocrx_word' id='word_1_103' title='bbox 610 2181 659 2268; x_wconf 99' lang='lat' dir='ltr'><strong><em>N</em></strong></span> <span class='ocrx_word' id='word_1_104' title='bbox 671 2185 800 2296; x_wconf 84' lang='lat' dir='ltr'>prodit</span> <span class='ocrx_word' id='word_1_105' title='bbox 819 2183 977 2284; x_wconf 66' lang='lat' dir='ltr'>stadio,</span> <span class='ocrx_word' id='word_1_106' title='bbox 1002 2188 1107 2290; x_wconf 85' lang='lat' dir='ltr'>cujus</span> <span class='ocrx_word' id='word_1_107' title='bbox 1131 2183 1534 2269; x_wconf 77' lang='lat' dir='ltr'>denominatotnibilo</span> <span class='ocrx_word' id='word_1_108' title='bbox 1556 2187 1713 2296; x_wconf 83' lang='lat' dir='ltr'>aequasis</span> <span class='ocrx_word' id='word_1_109' title='bbox 1747 2185 1919 2298; x_wconf 85' lang='lat' dir='ltr'>politus,</span> 
     </span>
     <span class='ocr_line' id='line_1_15' title="bbox 407 2295 1920 2416; baseline 0.001 -31"><span class='ocrx_word' id='word_1_110' title='bbox 407 2353 410 2360; x_wconf 89' lang='lat'>·</span> <span class='ocrx_word' id='word_1_111' title='bbox 520 2302 666 2415; x_wconf 86' lang='lat' dir='ltr'>ptaebet</span> <span class='ocrx_word' id='word_1_112' title='bbox 688 2303 946 2414; x_wconf 83' lang='lat' dir='ltr'>aequationem</span> <span class='ocrx_word' id='word_1_113' title='bbox 971 2331 1041 2413; x_wconf 91' lang='lat' dir='ltr'>pto</span> <span class='ocrx_word' id='word_1_114' title='bbox 1073 2301 1201 2413; x_wconf 83' lang='lat' dir='ltr'>aliqua</span> <span class='ocrx_word' id='word_1_115' title='bbox 1221 2303 1321 2383; x_wconf 87' lang='lat' dir='ltr'>linea</span> <span class='ocrx_word' id='word_1_116' title='bbox 1339 2325 1466 2385; x_wconf 72' lang='lat' dir='ltr'>curva</span> <span class='ocrx_word' id='word_1_117' title='bbox 1529 2295 1628 2384; x_wconf 89' lang='lat' dir='ltr'>Hoc</span> <span class='ocrx_word' id='word_1_118' title='bbox 1651 2300 1782 2413; x_wconf 90' lang='lat' dir='ltr'>itaque</span> <span class='ocrx_word' id='word_1_119' title='bbox 1805 2305 1920 2416; x_wconf 71' lang='lat' dir='ltr'>paolo</span> 
     </span>
     <span class='ocr_line' id='line_1_16' title="bbox 521 2411 1916 2532; baseline 0.001 -32"><span class='ocrx_word' id='word_1_120' title='bbox 521 2418 647 2530; x_wconf 88' lang='lat' dir='ltr'>plures</span> <span class='ocrx_word' id='word_1_121' title='bbox 671 2445 798 2532; x_wconf 74' lang='lat' dir='ltr'>tutvae</span> <span class='ocrx_word' id='word_1_122' title='bbox 817 2417 971 2530; x_wconf 86' lang='lat' dir='ltr'>repetiti</span> <span class='ocrx_word' id='word_1_123' title='bbox 994 2413 1165 2528; x_wconf 75' lang='lat' dir='ltr'>possunt,</span> <span class='ocrx_word' id='word_1_124' title='bbox 1192 2441 1279 2528; x_wconf 85' lang='lat' dir='ltr'>quae</span> <span class='ocrx_word' id='word_1_125' title='bbox 1300 2415 1428 2502; x_wconf 88' lang='lat' dir='ltr'>eidem</span> <span class='ocrx_word' id='word_1_126' title='bbox 1450 2415 1650 2527; x_wconf 82' lang='lat' dir='ltr'>quaestioni</span> <span class='ocrx_word' id='word_1_127' title='bbox 1676 2411 1916 2512; x_wconf 72' lang='lat' dir='ltr'>satisfaciente</span> 
     </span>
     <span class='ocr_line' id='line_1_17' title="bbox 521 2529 1920 2648; baseline 0.004 -30"><span class='ocrx_word' id='word_1_128' title='bbox 521 2535 953 2647; x_wconf 83' lang='lat' dir='ltr'>quarumaliaemaxima</span> <span class='ocrx_word' id='word_1_129' title='bbox 976 2533 1258 2632; x_wconf 86' lang='lat' dir='ltr'>continebunt,</span> <span class='ocrx_word' id='word_1_130' title='bbox 1282 2535 1362 2618; x_wconf 84' lang='lat' dir='ltr'>aliae</span> <span class='ocrx_word' id='word_1_131' title='bbox 1386 2535 1556 2618; x_wconf 86' lang='lat' dir='ltr'>minima.</span> <span class='ocrx_word' id='word_1_132' title='bbox 1588 2529 1688 2619; x_wconf 82' lang='lat' dir='ltr'>Fieri</span> <span class='ocrx_word' id='word_1_133' title='bbox 1714 2537 1831 2620; x_wconf 90' lang='lat' dir='ltr'>etiam</span> <span class='ocrx_word' id='word_1_134' title='bbox 1847 2565 1920 2648; x_wconf 91' lang='lat' dir='ltr'>po·</span> 
     </span>
     <span class='ocr_line' id='line_1_18' title="bbox 521 2645 1916 2762; baseline 0.004 -29"><span class='ocrx_word' id='word_1_135' title='bbox 521 2651 616 2748; x_wconf 83' lang='lat' dir='ltr'>test,</span> <span class='ocrx_word' id='word_1_136' title='bbox 635 2673 678 2732; x_wconf 94' lang='lat' dir='ltr'>ut</span> <span class='ocrx_word' id='word_1_137' title='bbox 687 2652 813 2761; x_wconf 86' lang='lat' dir='ltr'>plures</span> <span class='ocrx_word' id='word_1_138' title='bbox 824 2677 939 2762; x_wconf 83' lang='lat' dir='ltr'>quam</span> <span class='ocrx_word' id='word_1_139' title='bbox 951 2650 1035 2734; x_wconf 82' lang='lat' dir='ltr'>duat</span> <span class='ocrx_word' id='word_1_140' title='bbox 1051 2677 1174 2734; x_wconf 84' lang='lat' dir='ltr'>curvat</span> <span class='ocrx_word' id='word_1_141' title='bbox 1189 2646 1424 2735; x_wconf 87' lang='lat' dir='ltr'>Problemati</span> <span class='ocrx_word' id='word_1_142' title='bbox 1436 2645 1703 2737; x_wconf 82' lang='lat' dir='ltr'>satisfacientes</span> <span class='ocrx_word' id='word_1_143' title='bbox 1724 2655 1916 2762; x_wconf 85' lang='lat' dir='ltr'>reperian-</span> 
     </span>
     <span class='ocr_line' id='line_1_19' title="bbox 391 2760 1920 2882; baseline 0.005 -33"><span class='ocrx_word' id='word_1_144' title='bbox 391 2803 394 2815; x_wconf 93' lang='lat'><em>·</em></span> <span class='ocrx_word' id='word_1_145' title='bbox 521 2789 603 2863; x_wconf 85' lang='lat' dir='ltr'>tut,</span> <span class='ocrx_word' id='word_1_146' title='bbox 621 2764 763 2852; x_wconf 86' lang='lat' dir='ltr'>etiamfi</span> <span class='ocrx_word' id='word_1_147' title='bbox 778 2765 878 2849; x_wconf 86' lang='lat' dir='ltr'>binae</span> <span class='ocrx_word' id='word_1_148' title='bbox 901 2789 1048 2850; x_wconf 85' lang='lat' dir='ltr'>tantum</span> <span class='ocrx_word' id='word_1_149' title='bbox 1074 2769 1164 2850; x_wconf 88' lang='lat' dir='ltr'>oriri</span> <span class='ocrx_word' id='word_1_150' title='bbox 1181 2789 1324 2878; x_wconf 88' lang='lat' dir='ltr'>queant</span> <span class='ocrx_word' id='word_1_151' title='bbox 1335 2769 1586 2882; x_wconf 79' lang='lat' dir='ltr'>equationes‚</span> <span class='ocrx_word' id='word_1_152' title='bbox 1606 2760 1745 2856; x_wconf 87' lang='lat' dir='ltr'>scilieet</span> <span class='ocrx_word' id='word_1_153' title='bbox 1758 2767 1806 2854; x_wconf 87' lang='lat' dir='ltr'><strong><em>N</em></strong></span> <span class='ocrx_word' id='word_1_154' title='bbox 1808 2797 1920 2856; x_wconf 83' lang='lat' dir='ltr'>=o</span> 
     </span>
     <span class='ocr_line' id='line_1_20' title="bbox 399 2879 1916 2999; baseline 0.007 -33"><span class='ocrx_word' id='word_1_155' title='bbox 399 2959 406 2966; x_wconf 91' lang='lat'>.</span> <span class='ocrx_word' id='word_1_156' title='bbox 521 2887 560 2968; x_wconf 78' lang='lat' dir='ltr'>bt</span> <span class='ocrx_word' id='word_1_157' title='bbox 574 2879 621 2966; x_wconf 89' lang='lat' dir='ltr'><strong><em>N</em></strong></span> <span class='ocrx_word' id='word_1_158' title='bbox 630 2919 698 2956; x_wconf 87' lang='lat'><strong><em>=</em></strong></span> <span class='ocrx_word' id='word_1_159' title='bbox 719 2917 777 2962; x_wconf 73' lang='grc' dir='ltr'>ω.</span> <span class='ocrx_word' id='word_1_160' title='bbox 810 2880 850 2967; x_wconf 87' lang='lat' dir='ltr'>Si</span> <span class='ocrx_word' id='word_1_161' title='bbox 863 2885 965 2968; x_wconf 91' lang='lat' dir='ltr'>enim</span> <span class='ocrx_word' id='word_1_162' title='bbox 983 2879 1031 2966; x_wconf 91' lang='lat' dir='ltr'><strong><em>N</em></strong></span> <span class='ocrx_word' id='word_1_163' title='bbox 1040 2883 1152 2968; x_wconf 83' lang='lat' dir='ltr'>fuerit</span> <span class='ocrx_word' id='word_1_164' title='bbox 1172 2885 1362 2996; x_wconf 81' lang='lat' dir='ltr'>quantitas</span> <span class='ocrx_word' id='word_1_165' title='bbox 1385 2912 1434 2968; x_wconf 86' lang='lat' dir='ltr'>ex</span> <span class='ocrx_word' id='word_1_166' title='bbox 1458 2882 1663 2968; x_wconf 68' lang='lat' dir='ltr'>fauoribus</span> <span class='ocrx_word' id='word_1_167' title='bbox 1682 2887 1916 2999; x_wconf 76' lang='lat' dir='ltr'>compositas</span> 
     </span>
    </p>

    <p class='ocr_par' dir='ltr' id='par_1_7' title="bbox 429 2998 1921 3550">
     <span class='ocr_line' id='line_1_21' title="bbox 429 2998 1921 3114; baseline 0.003 -31"><span class='ocrx_word' id='word_1_168' title='bbox 429 3061 432 3072; x_wconf 84' lang='lat'>.</span> <span class='ocrx_word' id='word_1_169' title='bbox 520 3025 602 3085; x_wconf 86' lang='lat' dir='ltr'>turn</span> <span class='ocrx_word' id='word_1_170' title='bbox 620 3001 787 3114; x_wconf 89' lang='lat' dir='ltr'>quilibet</span> <span class='ocrx_word' id='word_1_171' title='bbox 803 2998 947 3100; x_wconf 82' lang='lat' dir='ltr'>faetor,</span> <span class='ocrx_word' id='word_1_172' title='bbox 969 3000 1031 3083; x_wconf 82' lang='lat' dir='ltr'>vel</span> <span class='ocrx_word' id='word_1_173' title='bbox 1054 3001 1178 3084; x_wconf 91' lang='lat' dir='ltr'>nihilo</span> <span class='ocrx_word' id='word_1_174' title='bbox 1207 3003 1270 3084; x_wconf 88' lang='lat' dir='ltr'>vel</span> <span class='ocrx_word' id='word_1_175' title='bbox 1289 2999 1440 3084; x_wconf 88' lang='lat' dir='ltr'>infinito</span> <span class='ocrx_word' id='word_1_176' title='bbox 1460 3001 1615 3114; x_wconf 74' lang='lat' dir='ltr'>aqualis</span> <span class='ocrx_word' id='word_1_177' title='bbox 1635 3001 1921 3112; x_wconf 87' lang='lat' dir='ltr'>pofitus‚dabit</span> 
     </span>
     <span class='ocr_line' id='line_1_22' title="bbox 519 3111 1921 3234; baseline 0.006 -34"><span class='ocrx_word' id='word_1_178' title='bbox 519 3119 776 3230; x_wconf 76' lang='lat' dir='ltr'>aquationem</span> <span class='ocrx_word' id='word_1_179' title='bbox 788 3146 860 3230; x_wconf 86' lang='lat' dir='ltr'>pro</span> <span class='ocrx_word' id='word_1_180' title='bbox 872 3143 987 3202; x_wconf 82' lang='lat' dir='ltr'>tutta</span> <span class='ocrx_word' id='word_1_181' title='bbox 999 3111 1259 3209; x_wconf 80' lang='lat' dir='ltr'>satisfacientes</span> <span class='ocrx_word' id='word_1_182' title='bbox 1274 3119 1421 3202; x_wconf 82' lang='lat' dir='ltr'>conslat</span> <span class='ocrx_word' id='word_1_183' title='bbox 1429 3119 1531 3203; x_wconf 89' lang='lat' dir='ltr'>enim</span> <span class='ocrx_word' id='word_1_184' title='bbox 1544 3111 1799 3229; x_wconf 71' lang='lat' dir='ltr'>sepenumero</span> <span class='ocrx_word' id='word_1_185' title='bbox 1814 3121 1921 3234; x_wconf 77' lang='lat' dir='ltr'>plura</span> 
     </span>
     <span class='ocr_line' id='line_1_23' title="bbox 521 3229 1919 3347; baseline 0.004 -31"><span class='ocrx_word' id='word_1_186' title='bbox 521 3236 687 3318; x_wconf 84' lang='lat' dir='ltr'>maxima</span> <span class='ocrx_word' id='word_1_187' title='bbox 699 3238 883 3347; x_wconf 86' lang='lat' dir='ltr'>pluraque</span> <span class='ocrx_word' id='word_1_188' title='bbox 895 3237 1051 3318; x_wconf 85' lang='lat' dir='ltr'>minima</span> <span class='ocrx_word' id='word_1_189' title='bbox 1066 3237 1193 3318; x_wconf 84' lang='lat' dir='ltr'>lotum</span> <span class='ocrx_word' id='word_1_190' title='bbox 1211 3236 1354 3320; x_wconf 86' lang='lat' dir='ltr'>habere</span> <span class='ocrx_word' id='word_1_191' title='bbox 1366 3231 1484 3346; x_wconf 84' lang='lat' dir='ltr'>polle.</span> <span class='ocrx_word' id='word_1_192' title='bbox 1515 3229 1617 3318; x_wconf 74' lang='lat' dir='ltr'>Haec</span> <span class='ocrx_word' id='word_1_193' title='bbox 1638 3260 1765 3322; x_wconf 88' lang='lat' dir='ltr'>autem</span> <span class='ocrx_word' id='word_1_194' title='bbox 1786 3239 1919 3324; x_wconf 84' lang='lat' dir='ltr'>omnia</span> 
     </span>
     <span class='ocr_line' id='line_1_24' title="bbox 522 3346 1920 3464; baseline 0.009 -33"><span class='ocrx_word' id='word_1_195' title='bbox 522 3350 656 3431; x_wconf 83' lang='lat' dir='ltr'>clarius</span> <span class='ocrx_word' id='word_1_196' title='bbox 678 3346 948 3435; x_wconf 85' lang='lat' dir='ltr'>enodabuntut</span> <span class='ocrx_word' id='word_1_197' title='bbox 967 3353 1007 3434; x_wconf 94' lang='lat' dir='ltr'>in</span> <span class='ocrx_word' id='word_1_198' title='bbox 1029 3347 1272 3462; x_wconf 88' lang='lat' dir='ltr'>sequentibus</span> <span class='ocrx_word' id='word_1_199' title='bbox 1299 3347 1495 3464; x_wconf 86' lang='lat' dir='ltr'>Exemplis</span> <span class='ocrx_word' id='word_1_200' title='bbox 1509 3353 1551 3436; x_wconf 86' lang='lat' dir='ltr'>iu</span> <span class='ocrx_word' id='word_1_201' title='bbox 1576 3351 1653 3440; x_wconf 90' lang='lat' dir='ltr'>boc</span> <span class='ocrx_word' id='word_1_202' title='bbox 1671 3349 1920 3445; x_wconf 79' lang='lat' dir='ltr'>Problemate</span> 
     </span>
     <span class='ocr_line' id='line_1_25' title="bbox 521 3486 730 3550; baseline 0.01 -2"><span class='ocrx_word' id='word_1_203' title='bbox 521 3486 730 3550; x_wconf 73' lang='lat' dir='ltr'>contentis.</span> 
     </span>
    </p>
   </div>
   <div class='ocr_carea' id='block_1_7' title="bbox 944 3677 1470 3766">
    <p class='ocr_par' dir='ltr' id='par_1_8' title="bbox 944 3677 1470 3766">
     <span class='ocr_line' id='line_1_26' title="bbox 944 3677 1470 3766; baseline 0.011 -6"><span class='ocrx_word' id='word_1_204' title='bbox 944 3683 1380 3765; x_wconf 72' lang='lat' dir='ltr'>Exemttuu</span> <span class='ocrx_word' id='word_1_205' title='bbox 1438 3677 1470 3766; x_wconf 79' lang='lat' dir='ltr'>L</span> 
     </span>
    </p>
   </div>
   <div class='ocr_carea' id='block_1_8' title="bbox 585 3891 1942 4094">
    <p class='ocr_par' dir='ltr' id='par_1_9' title="bbox 585 3891 1942 4094">
     <span class='ocr_line' id='line_1_27' title="bbox 585 3891 1942 4094; baseline 0.009 -120"><span class='ocrx_word' id='word_1_206' title='bbox 585 3911 649 3982; x_wconf 87' lang='lat'>16.</span> <span class='ocrx_word' id='word_1_207' title='bbox 680 3891 851 3980; x_wconf 67' lang='lat' dir='ltr'>mentre</span> <span class='ocrx_word' id='word_1_208' title='bbox 868 3921 1023 3978; x_wconf 71' lang='lat' dir='ltr'>curvent</span> <span class='ocrx_word' id='word_1_209' title='bbox 1032 3949 1046 3991; x_wconf 91' lang='lat'>,</span> <span class='ocrx_word' id='word_1_210' title='bbox 1060 3921 1144 4094; x_wconf 69' lang='lat' dir='ltr'>pua</span> <span class='ocrx_word' id='word_1_211' title='bbox 1156 3949 1169 3990; x_wconf 81' lang='lat'>,</span> <span class='ocrx_word' id='word_1_212' title='bbox 1181 3897 1274 3976; x_wconf 80' lang='lat' dir='ltr'>inter</span> <span class='ocrx_word' id='word_1_213' title='bbox 1291 3907 1703 3984; x_wconf 73' lang='lat' dir='ltr'>omnesomm&#39;uocutvaes</span> <span class='ocrx_word' id='word_1_214' title='bbox 1719 3907 1832 3986; x_wconf 79' lang='lat' dir='ltr'>eidem</span> <span class='ocrx_word' id='word_1_215' title='bbox 1846 3901 1942 4012; x_wconf 73' lang='lat' dir='ltr'>ebfi&#39;</span> 
     </span>
    </p>
   </div>
   <div class='ocr_carea' id='block_1_9' title="bbox 526 4005 1920 4243">
    <p class='ocr_par' dir='ltr' id='par_1_10' title="bbox 526 4005 1920 4243">
     <span class='ocr_line' id='line_1_28' title="bbox 532 4005 1920 4118; baseline 0.001 -28"><span class='ocrx_word' id='word_1_216' title='bbox 532 4005 603 4113; x_wconf 69' lang='lat' dir='ltr'>uffa</span> <span class='ocrx_word' id='word_1_217' title='bbox 621 4011 882 4118; x_wconf 73' lang='lat' dir='ltr'>respondentes,</span> <span class='ocrx_word' id='word_1_218' title='bbox 913 4009 1041 4094; x_wconf 72' lang='lat' dir='ltr'>habeat</span> <span class='ocrx_word' id='word_1_219' title='bbox 1085 4005 1254 4096; x_wconf 86' lang='lat' dir='ltr'>Xde</span> <span class='ocrx_word' id='word_1_220' title='bbox 1273 4021 1475 4096; x_wconf 73' lang='lat' dir='ltr'>maximum</span> <span class='ocrx_word' id='word_1_221' title='bbox 1506 4021 1574 4096; x_wconf 81' lang='lat' dir='ltr'>vel</span> <span class='ocrx_word' id='word_1_222' title='bbox 1587 4025 1796 4112; x_wconf 69' lang='lat' dir='ltr'>misimums</span> <span class='ocrx_word' id='word_1_223' title='bbox 1819 4024 1920 4106; x_wconf 68' lang='lat' dir='ltr'>dem.</span> 
     </span>
     <span class='ocr_line' id='line_1_29' title="bbox 526 4121 1616 4243; baseline 0.014 -41"><span class='ocrx_word' id='word_1_224' title='bbox 526 4149 622 4208; x_wconf 76' lang='lat' dir='ltr'>:ante</span> <span class='ocrx_word' id='word_1_225' title='bbox 644 4123 689 4210; x_wconf 93' lang='lat' dir='ltr'>X</span> <span class='ocrx_word' id='word_1_226' title='bbox 698 4129 921 4235; x_wconf 72' lang='lat' dir='ltr'>fitnssionem</span> <span class='ocrx_word' id='word_1_227' title='bbox 942 4130 1046 4242; x_wconf 79' lang='lat' dir='ltr'>ipstus</span> <span class='ocrx_word' id='word_1_228' title='bbox 1068 4156 1119 4242; x_wconf 83' lang='lat' dir='ltr'>y,</span> <span class='ocrx_word' id='word_1_229' title='bbox 1144 4126 1194 4222; x_wconf 64' lang='grc' dir='ltr'>,ἀ</span> <span class='ocrx_word' id='word_1_230' title='bbox 1216 4121 1257 4212; x_wconf 88' lang='grc' dir='ltr'>Υ</span> <span class='ocrx_word' id='word_1_231' title='bbox 1280 4127 1384 4238; x_wconf 76' lang='lat' dir='ltr'>tpstus</span> <span class='ocrx_word' id='word_1_232' title='bbox 1411 4157 1438 4243; x_wconf 88' lang='lat' dir='ltr'>y</span> <span class='ocrx_word' id='word_1_233' title='bbox 1457 4153 1616 4218; x_wconf 74' lang='lat' dir='ltr'>tentum.</span> 
     </span>
    </p>
   </div>
   <div class='ocr_carea' id='block_1_10' title="bbox 528 4353 1930 4784">
    <p class='ocr_par' dir='ltr' id='par_1_11' title="bbox 528 4353 1930 4784">
     <span class='ocr_line' id='line_1_30' title="bbox 578 4353 1925 4483; baseline 0.017 -41"><span class='ocrx_word' id='word_1_234' title='bbox 578 4353 623 4442; x_wconf 95' lang='lat' dir='ltr'>In</span> <span class='ocrx_word' id='word_1_235' title='bbox 644 4356 721 4442; x_wconf 90' lang='lat' dir='ltr'>hoe</span> <span class='ocrx_word' id='word_1_236' title='bbox 750 4359 867 4472; x_wconf 84' lang='lat' dir='ltr'>igitur</span> <span class='ocrx_word' id='word_1_237' title='bbox 899 4355 983 4446; x_wconf 85' lang='lat' dir='ltr'>casu</span> <span class='ocrx_word' id='word_1_238' title='bbox 1009 4358 1076 4446; x_wconf 86' lang='lat' dir='ltr'>fiet</span> <span class='ocrx_word' id='word_1_239' title='bbox 1099 4369 1209 4441; x_wconf 80' lang='lat' dir='ltr'>Z==</span> <span class='ocrx_word' id='word_1_240' title='bbox 1230 4353 1273 4444; x_wconf 80' lang='lat' dir='ltr'><em>X</em></span> <span class='ocrx_word' id='word_1_241' title='bbox 1282 4357 1342 4454; x_wconf 55' lang='grc' dir='ltr'>Γῆ</span> <span class='ocrx_word' id='word_1_242' title='bbox 1375 4359 1547 4483; x_wconf 87' lang='lat' dir='ltr'>ideoque</span> <span class='ocrx_word' id='word_1_243' title='bbox 1572 4373 1637 4452; x_wconf 76' lang='lat' dir='ltr'>dl</span> <span class='ocrx_word' id='word_1_244' title='bbox 1652 4401 1722 4446; x_wconf 58' lang='grc' dir='ltr'><strong><em>π</em></strong></span> <span class='ocrx_word' id='word_1_245' title='bbox 1740 4367 1779 4456; x_wconf 84' lang='lat' dir='ltr'><em>Y</em></span> <span class='ocrx_word' id='word_1_246' title='bbox 1784 4369 1863 4458; x_wconf 78' lang='lat' dir='ltr'>dX</span> <span class='ocrx_word' id='word_1_247' title='bbox 1876 4379 1925 4466; x_wconf 68' lang='grc' dir='ltr'>-Ι-</span> 
     </span>
     <span class='ocr_line' id='line_1_31' title="bbox 528 4485 1930 4705; baseline 0.014 -98"><span class='ocrx_word' id='word_1_248' title='bbox 528 4519 1059 4648; x_wconf 62' lang='grc' dir='ltr'>ΧᾸΥτ-Μᾶκ-Ι-ΝᾹῙ.</span> <span class='ocrx_word' id='word_1_249' title='bbox 1119 4522 1459 4646; x_wconf 76' lang='lat' dir='ltr'>EritergoM=</span> <span class='ocrx_word' id='word_1_250' title='bbox 1479 4485 1644 4678; x_wconf 41' lang='grc' dir='ltr'>Ἐζᾶ</span> <span class='ocrx_word' id='word_1_251' title='bbox 1658 4495 1882 4705; x_wconf 52' lang='grc' dir='ltr'>Νπέἕ</span> <span class='ocrx_word' id='word_1_252' title='bbox 1910 4564 1930 4672; x_wconf 42' lang='grc' dir='ltr'>ἰ.</span> 
     </span>
     <span class='ocr_line' id='line_1_32' title="bbox 1313 4697 1927 4784; baseline 0.013 -8"><span class='ocrx_word' id='word_1_253' title='bbox 1313 4697 1315 4702; x_wconf 77' lang='grc'><strong>’</strong></span> <span class='ocrx_word' id='word_1_254' title='bbox 1885 4702 1927 4784; x_wconf 75' lang='grc' dir='ltr'>δι</span> 
     </span>
    </p>
   </div>
   <div class='ocr_carea' id='block_1_11' title="bbox 0 0 2233 5618">
    <p class='ocr_par' dir='ltr' id='par_1_12' title="bbox 0 0 2233 5618">
     <span class='ocr_line' id='line_1_33' title="bbox 0 0 2233 5618; baseline 0 0"><span class='ocrx_word' id='word_1_255' title='bbox 0 0 2233 5618; x_wconf 95' lang='lat' dir='ltr'> </span> 
     </span>
    </p>
   </div>
  </div>
 </body>
</html>
