4284 5600
259 459 305 486 ⁰
430 436 1508 564 nnnxnratrmttntnrrrn.
1631 465 1711 564 tao

292 611 547 735 preslionum,
573 645 658 732 quae
679 645 727 704 ert
751 613 901 700 duabus
921 609 1139 728 pluribusve
1181 614 1356 720 formulis
1383 613 1629 728 integralibus
1650 643 1708 698 ut-

296 767 450 850 cunque
480 735 551 820 fint
578 731 814 847 composttae.
877 729 937 820 Ex
972 735 1031 817 his
1054 736 1187 848 itaque
1226 730 1417 835 subfidiis,
1468 763 1540 845 pto
1573 737 1709 846 quavis

297 853 529 966 Qtaeslione
555 852 720 953 oblata,
760 875 838 936 tam
869 853 1026 938 maximi
1067 855 1266 938 minimive
1303 851 1548 967 exprelstonis
1591 879 1711 962 quant

294 973 538 1087 proprietatis
552 972 769 1054 communis
787 969 1172 1055 valotdiffetentialis
1201 970 1371 1082 asfignati
1399 971 1564 1083 poterit:
1600 992 1707 1050 utto-

293 1119 372 1202 que
396 1115 523 1176 autem
551 1090 749 1190 invento,
786 1089 954 1202 aquatio
991 1116 1063 1202 pro
1093 1081 1392 1200 Curtaqutestta
1409 1089 1519 1170 nullo
1544 1087 1711 1196 negotio

295 1205 543 1298 formabitut3
581 1235 670 1290 curn
702 1230 850 1290 tanturn
890 1233 989 1319 opus
1028 1204 1072 1288 fit
1101 1231 1347 1318 aggregatum
1386 1231 1708 1316 quorumcunque

185 1379 187 1382 -
297 1325 559 1434 multiplorum
577 1323 732 1406 illorum
750 1323 932 1410 binorum
956 1325 1133 1407 valorum
1158 1321 1466 1408 differentialium
1496 1320 1618 1404 nihilo
1657 1347 1706 1400 ae-
1801 1431 1803 1442 ,

119 1431 121 1436 ’
211 1475 216 1480 ·
296 1439 409 1552 quale
428 1444 535 1552 poni.
598 1437 784 1552 Haecque
826 1443 995 1553 aequatio
1030 1442 1219 1538 inventa,
1250 1440 1432 1551 deinceps
1465 1441 1544 1549 pati
1579 1433 1707 1518 modo

295 1558 368 1640 erit
394 1557 611 1654 trudanda,
636 1583 718 1668 quo
738 1551 870 1668 supra,
898 1585 987 1642 cum
1010 1558 1050 1643 in
1069 1555 1293 1644 tedudione
1321 1557 1374 1640 ad
1394 1552 1707 1650 construendum,

188 1747 191 1756 .
219 1685 222 1695 '
290 1695 378 1760 tum
402 1673 444 1762 in
465 1675 726 1790 integratione
756 1673 811 1759 usr
831 1670 972 1764 sumus.

714 1935 1123 2010 SCHOLION
1168 1940 1223 2006 ll,

249 2254 253 2260 Ι
353 2154 422 2257 38.
455 2141 543 2258 Jam
576 2137 864 2234 observavimus
894 2148 935 2232 in
971 2151 1190 2260 aquatione
1222 2151 1347 2234 oedA
1367 2148 1709 2252 -l-Cd'B'uo’,

294 2275 412 2378 'quam'
436 2264 593 2351 Solutio
624 2265 848 2352 immediate
877 2261 1118 2379 sappeditat,
1156 2263 1411 2376 unaminelse
1447 2269 1708 2380 quantitatem

294 2385 553 2486 constantem3
572 2413 655 2498 quae
677 2397 906 2468 autemnon
934 2386 1097 2470 omnino
1125 2381 1169 2468 lit
1192 2387 1405 2501 arbitraria,
1430 2380 1496 2469 sed
1540 2415 1588 2470 ex
1608 2415 1708 2472 con·-

294 2495 446 2584 ditione
466 2499 661 2613 ptopofita
672 2501 815 2586 debeat
837 2501 1097 2588 determinati.
1127 2501 1304 2603 Scilicet,
1319 2506 1459 2590 cumin
1473 2503 1705 2589 omnescut-

293 2641 362 2697 vas
376 2643 424 2702 ex
440 2618 942 2732 quibusquaesrtamdefiniti
962 2610 1133 2731 oportet,
1148 2621 1284 2710 eadem
1296 2619 1479 2734 expressto
1500 2617 1710 2736 Waequa-

292 2731 380 2818 litet
404 2761 625 2848 competere
644 2735 811 2838 debeat,
841 2731 905 2822 seu
941 2737 981 2820 in
1008 2737 1192 2824 omnibus
1213 2739 1385 2825 eundem
1409 2741 1605 2836 valorem,
1633 2767 1709 2851 pu·-

292 2871 333 2934 ta
355 2851 394 2932 Β
405 2911 418 2950 ,
440 2855 643 2946 obtineret
672 2856 750 2940 haec
772 2857 965 2968 quantitas
987 2853 1030 2936 Β·
1047 2881 1231 2968 tanquam
1250 2856 1340 2940 data
1358 2851 1511 2965 spectant
1539 2858 1664 2964 potest
1687 2889 1707 2945 a

292 2989 411 3078 atque
421 2993 508 3052 cum
519 2965 595 3081 ipsa
605 2974 643 3052 in
654 2972 838 3062 calculum
847 3000 927 3055 non
942 2971 1176 3083 ingrediatur
1183 3030 1196 3069 ,
1219 2973 1271 3053 ita
1286 2969 1705 3054 constantesaaccd‘e,

202 3081 208 3088 ’
293 3081 403 3168 finire
425 3086 582 3183 licebit,
608 3109 651 3168 ut
674 3087 785 3170 valor
806 3083 1048 3198 exptelstonis
1081 3086 1162 3188 W,
1195 3081 1354 3170 abscissae
1379 3081 1477 3174 ΑΖ
1495 3117 1565 3160 =·-···-
1578 3113 1605 3168 Α
1626 3082 1708 3172 res-

293 3201 494 3312 pondens,
520 3201 587 3314 ipst
613 3201 827 3316 Bequalis
850 3201 943 3294 fiatt-
964 3204 1120 3316 hocque
1144 3209 1280 3318 padio,
1310 3201 1496 3311 Quaestio·
1526 3205 1707 3317 alioquin:

292 3317 588 3404 indeterminata
607 3320 943 3414 determinabitur..
998 3315 1167 3407 Eatenus
1186 3345 1314 3406 autem
1337 3347 1487 3406 tantum
1519 3323 1698 3407 determi-

292 3436 472 3534 nabitur,
506 3463 716 3550 quatenus,
763 3467 830 3551 pet
855 3425 1132 3562 integrationes
1160 3441 1245 3553 post
1278 3441 1547 3540 instituendas,
1587 3467 1729 3525 novael-

293 3555 508 3639 constantes
533 3555 736 3640 arbitraria
760 3557 876 3642 etiam
891 3583 959 3667 per
968 3557 1140 3643 totidem
1158 3561 1295 3669 puncta
1308 3555 1552 3642 definiuntur.
1584 3555 1707 3664 Prot-2

182 3703 195 3710 ·
292 3663 351 3769 sus
390 3674 569 3760 nimitum
604 3696 647 3758 ut
671 3695 784 3774 ante,
804 3672 972 3759 totidem
1007 3679 1146 3786 pantu
1172 3669 1356 3787 praescribi
1389 3698 1595 3787 poterunt,
1631 3703 1708 3785 pet·
1832 3735 1838 3746 -

292 3813 377 3898 que
402 3819 517 3874 curva
544 3791 697 3906 quaefita
724 3786 916 3884 transeat,
939 3815 1039 3906 quot
1067 3820 1180 3880 novae
1203 3791 1420 3886 constantes
1438 3819 1506 3902 per
1536 3792 1706 3903 integra·

290 3903 419 3988 tiones
442 3909 590 4018 ingredi
610 3905 803 3996 censendae
817 3905 918 3996 sunt.
975 3905 1138 3998 Horum
1151 3931 1279 3993 autem
1292 3935 1469 3992 numerus
1488 3903 1709 3993 innotescet

156 4075 161 4082 -
292 4047 341 4104 ert
367 4021 487 4132 gradu
508 4023 819 4110 differentialium·
831 4021 1002 4123 summo,
1029 4029 1156 4136 quiin
1174 4025 1391 4136 aquatione
1405 4014 1536 4108 ineiit,
1579 4023 1704 4136 Qto-·

290 4140 396 4221 niam
419 4165 516 4223 vero
534 4163 619 4226 tota
647 4139 825 4255 Qtaestio
843 4141 892 4226 ad
917 4139 1162 4226 Method'um
1181 4137 1393 4228 absolutam
1426 4147 1599 4227 reuocari
1627 4175 1697 4256 po*

290 4257 381 4354 test,
418 4283 597 4344 numerus
646 4252 853 4342 istiusmodi
885 4259 1146 4342 constantium
1185 4284 1373 4373 perpetuo
1408 4262 1481 4344 erit
1515 4292 1603 4374 patr
1635 4259 1705 4348 sert

201 4423 204 4428 ·
288 4375 458 4485 aequatio
486 4370 667 4461 resultans
684 4377 751 4457 ad
763 4375 803 4457 A
826 4390 873 4471 -t-
897 4373 1016 4458 GdB'
1031 4411 1103 4448 ---·
1119 4409 1177 4468 02,
1199 4379 1273 4462 etit
1295 4381 1363 4462 uel·
1384 4379 1513 4478 finita,
1542 4377 1604 4460 vel
1624 4379 1705 4462 dlsss

290 4484 494 4576 fetentialis
524 4488 679 4580 secundi
717 4493 880 4606 gradus,
912 4499 976 4578 vel
1010 4489 1268 4578 differentialis
1289 4499 1420 4609 quarti
1441 4493 1597 4605 gradus,
1632 4499 1702 4580 vel

192 4712 201 4730 ι
290 4599 553 4702 differentialis
585 4603 680 4700 sexti
710 4611 879 4726 gradus,
907 4612 981 4698 vel
998 4614 1162 4814 patavi,
1190 4615 1342 4725 velita
1369 4639 1502 4725 porro.
1566 4612 1702 4730 Quod,

452 4738 458 4746 '
1031 4737 1095 4813 'a
1157 4756 1184 4837 3,
1670 4734 1696 4819 li
1776 4821 1782 4832 ,
