4444 5618
520 435 576 540 tu',
640 423 651 472 ·'
754 445 852 513 uu
890 427 1203 511 urrunnu
1246 441 1386 514 rtur.
1434 437 1511 513 nr
1546 432 1678 508 ratu.
1811 439 1822 454 ·

515 580 659 674 reduci¹
672 575 824 696 polsunr
840 643 848 676 ,
864 605 991 665 tamen
1006 578 1165 690 expedit
1188 605 1254 664 eas
1272 607 1358 664 cum
1382 577 1555 664 dodtlna
1574 575 1757 659 linca'trum
1778 579 1915 654 curva-v

516 727 603 786 rum
626 704 874 813 conjungere.
909 716 910 724 ‘
938 693 1068 804 Qrod
1095 696 1238 782 fienim
1265 699 1434 780 animum
1461 696 1618 779 alineis
1647 693 1772 775 curvis
1790 686 1915 778 abduv

517 846 626 917 cere,
650 842 768 930 atque
787 817 838 902 ad
853 813 948 900 solas
960 816 1191 927 quantitates
1214 809 1405 900 absolutas
1424 813 1572 897 firmare
1592 811 1775 898 velimust
1795 796 1913 918 quaes*

516 939 645 1020 tiones
672 936 835 1047 primum
860 927 945 1044 ipsa
964 930 1176 1016 admodum
1206 929 1341 1017 fierent
1368 926 1542 1016 abstrusae
1579 934 1619 1010 uc
1647 927 1910 1038 ineleganter,

516 1049 674 1164 ususque
697 1079 826 1137 earum
852 1079 896 1134 ac
916 1050 1079 1166 dignitas
1107 1051 1231 1133 minus
1262 1045 1570 1162 conspiceretur:
1597 1039 1759 1170 Deirlde
1791 1041 1911 1125 eriam

497 1169 725 1269 „methodus
745 1165 969 1253 resolvendi
982 1161 1201 1271 hujusmodi
1222 1167 1469 1279 quaelliones,
1492 1163 1569 1247 stin
1586 1163 1672 1244 lolis
1689 1154 1908 1272 quantitati-

514 1288 588 1372 bus
603 1287 801 1371 abstrudis
828 1307 1130 1396 proponeretur,
1157 1284 1315 1368 nimium
1338 1281 1442 1369 foret
1462 1274 1624 1366 abstrusa
1658 1275 1906 1368 &molestas

513 1433 601 1490 cum
623 1427 752 1488 tamen
765 1404 923 1498 eadem,
946 1429 1012 1514 per
1026 1393 1511 1513 inspedtiontmfigurarum
1524 1402 1564 1480 δι
1582 1395 1835 1508 quantitatum
1847 1416 1909 1517 re·

512 1513 839 1636 presentationem
866 1522 1068 1614 linearem,
1092 1513 1251 1603 mirifice
1265 1517 1470 1624 adjuvetur
1495 1539 1613 1626 atque
1635 1513 1828 1596 intellectu
1851 1517 1908 1588 ra·

512 1639 592 1723 cilis
620 1635 815 1724 reddatur.
876 1631 996 1722 Hanc
1024 1631 1080 1716 ob
1103 1627 1276 1724 causam.
1315 1635 1382 1718 etfi
1405 1633 1517 1741 hujus
1553 1631 1703 1744 generis
1731 1626 1904 1739 quastio-

510 1783 580 1840 ncs
591 1814 605 1854 ,
629 1783 716 1838 cum
730 1751 780 1837 ad
802 1753 1034 1866 quantitates
1053 1750 1277 1850 abstraSlas,
1304 1774 1388 1834 tum
1401 1771 1598 1835 concretas
1620 1743 1799 1856 applicari
1818 1732 1906 1852 pos-

510 1866 620 1970 sunt,
640 1895 769 1955 tamen
792 1899 855 1954 eas
875 1869 925 1953 ad
937 1873 1055 1955 lineas
1075 1894 1208 1950 curvas
1222 1866 1525 1952 commodissime
1539 1861 1779 1948 traduccmus
1793 1867 1908 1944 &re··
1946 1927 1951 1930 -

510 1981 715 2072 solvemus.
776 1983 929 2072 Scilicet
953 1987 1107 2098 quoties
1126 1987 1293 2095 aequatio
1318 1977 1506 2092 ejusmodi
1533 1985 1630 2068 inter
1652 2007 1679 2058 x
1701 1985 1742 2063 dt
1759 2011 1785 2086 y
1806 2005 1906 2092 quae·

510 2107 630 2202 titur,
658 2129 701 2186 ut
726 2103 889 2188 formula
910 2101 1083 2218 quadam
1105 2099 1299 2215 proposrta
1324 2105 1365 2186 dt
1388 2097 1601 2214 composrta
1622 2127 1670 2183 ex
1705 2124 1732 2176 x
1756 2103 1796 2178 δι
1807 2127 1857 2208 y,
1880 2091 1908 2178 li

511 2250 561 2306 ex
583 2221 646 2304 illu
663 2220 878 2334 aequatione
909 2217 1060 2332 quaefita
1081 2215 1190 2300 valor
1212 2218 1363 2330 ipfiusy
1382 2213 1625 2330 subrogetur,
1651 2211 1768 2327 &ipss
1786 2239 1815 2289 x
1834 2209 1905 2296 de·

372 2362 377 2371 '
434 2433 438 2444 ,
509 2339 734 2424 terminatus
755 2339 866 2420 valor
892 2337 1103 2431 tribuatur,
1124 2335 1288 2425 maxima
1311 2332 1378 2417 fiat
1397 2337 1460 2419 vel
1482 2334 1663 2417 minima:
1700 2354 1789 2446 tum
1809 2321 1906 2414 scm·

511 2483 579 2568 per
600 2452 846 2565 quaestionem
869 2449 1131 2554 transferemus
1158 2447 1209 2534 ad
1239 2452 1508 2538 inventionem
1533 2453 1640 2536 lineae
1662 2473 1813 2540 curvae,
1837 2473 1903 2530 cu·

510 2576 569 2677 jus
600 2563 751 2654 abscilst
784 2570 827 2654 fit
846 2599 895 2668 x,
920 2575 959 2654 δι
987 2567 1174 2678 applicata
1191 2597 1237 2673 y,
1262 2597 1333 2680 pto
1365 2597 1443 2682 qua
1478 2569 1542 2653 illa
1560 2557 1817 2652 formulaW
1835 2547 1904 2648 liat

507 2687 675 2772 maxima
696 2687 759 2778 vel
783 2689 965 2784 minima,
993 2683 1018 2766 fi
1057 2677 1205 2771 abscissa
1238 2715 1265 2765 x
1292 2685 1389 2772 data
1418 2683 1688 2801 magnitudinis
1719 2680 1902 2794 capiatur.

508 2798 590 2896 His
616 2805 729 2914 igitur
754 2806 925 2900 notatis,
949 2825 1081 2886 natura
1110 2795 1327 2910 hujusmodi
1340 2805 1595 2916 quaestionum
1621 2794 1707 2887 sstlt
1729 2800 1901 2888 luculen-

505 2945 566 3004 ret
583 2913 820 3031 perspicitur:
841 2919 909 3004 nili
926 2917 1027 3008 sorte
1053 2919 1232 3032 cuiquam
1248 2919 1375 3006 adhuc
1397 2921 1559 3006 dubium
1593 2944 1698 3010 creat
1719 2917 1902 3032 ambigua

503 3038 657 3124 locutio
678 3036 729 3120 dc
757 3038 926 3122 marimo
949 3043 989 3122 δι
1009 3035 1172 3123 minimo
1199 3035 1319 3124 fimul
1381 3033 1534 3126 Verum
1571 3065 1622 3122 ne
1649 3031 1712 3120 lrlc
1739 3033 1900 3148 quidem

504 3154 583 3240 ullu
596 3155 699 3240 adest
717 3155 968 3268 aurbiguittsr
993 3181 1081 3240 tram
1093 3150 1161 3241 etii
1173 3153 1379 3251 methodus
1394 3149 1470 3268 ipsa
1486 3182 1598 3268 arque
1617 3155 1798 3239 monstrnt
1818 3175 1897 3238 rna·

506 3271 608 3354 xima
627 3278 667 3353 &
690 3272 873 3370 minima,
896 3296 1028 3355 tamen
1053 3272 1091 3352 in
1115 3273 1257 3382 quovis
1282 3268 1366 3357 casu
1385 3273 1495 3359 facile
1513 3275 1584 3356 erit
1608 3266 1839 3367 discernere,
1853 3296 1898 3354 u·

505 3408 606 3469 rrum
624 3382 765 3470 solutio
790 3387 955 3500 praebeat
976 3389 1183 3469 niaximum
1202 3413 1251 3470 an
1273 3391 1485 3472 minimum.
1517 3387 1625 3499 Saepe
1644 3377 1814 3478 numero
1828 3414 1898 3472 au-

505 3525 585 3586 tem
608 3502 764 3588 evenire
785 3505 934 3617 potest,
957 3525 1001 3589 ut
1022 3504 1061 3596 in
1082 3500 1171 3589 data
1199 3505 1406 3616 quaeliione
1433 3529 1511 3593 tam
1545 3506 1751 3588 maximum
1779 3531 1897 3616 quam

505 3620 706 3704 minimum
729 3623 859 3706 locum
880 3621 1082 3718 obtineat,
1100 3643 1217 3733 atque
1239 3621 1297 3704 his
1318 3622 1461 3707 cafibus
1483 3617 1623 3708 solutio
1646 3621 1717 3706 erit
1738 3616 1897 3732 duplex,

501 3738 622 3822 altera
649 3741 881 3822 momiraritc
897 3741 1107 3824 maximum
1119 3795 1134 3836 ,
1161 3739 1278 3822 alters
1299 3741 1514 3824 minimum.
1574 3733 1805 3848 Plerumque
1822 3764 1898 3823 au·

501 3879 583 3940 rem
600 3859 849 3954 aloelutrum,
873 3851 1014 3940 scilicet
1042 3855 1103 3939 vel
1134 3857 1351 3966 martinum
1371 3858 1434 3942 uel
1466 3857 1664 3942 minimum
1696 3849 1792 3944 soler
1819 3849 1898 3949 else

498 3972 753 4082 impossibiles
775 3973 887 4088 quod
907 3975 1061 4074 evcnit,
1087 3969 1281 4056 sr'mauimi
1298 3976 1498 4059 minimive
1516 3971 1682 4060 formula
1703 3976 1747 4059 'in
1771 3969 1894 4058 infini-

501 4111 584 4172 tum
607 4089 671 4171 uel
695 4084 857 4177 crescere
889 4093 953 4178 vel
990 4083 1207 4178 decrescere
1229 4095 1379 4204 porestr
1408 4093 1467 4178 his
1485 4087 1592 4178 enim
1622 4092 1793 4188 casibuS,
1830 4089 1896 4183 vel

500 4232 581 4288 non
610 4205 764 4291 dabitur
782 4211 1015 4309 maximum,
1041 4209 1105 4293 vel
1127 4235 1207 4292 non
1227 4211 1446 4311 minimum,
1507 4206 1591 4300 Usu
1623 4213 1756 4296 venire
1775 4209 1895 4296 ctiam

499 4323 648 4433 potest,
669 4347 712 4404 ut
735 4323 899 4409 formula
922 4325 1116 4437 propofita
1134 4321 1205 4412 W
1210 4327 1261 4416 ¹iu
1274 4327 1466 4418 ininirunr
1487 4355 1565 4416 tam
1584 4327 1747 4414 crescere
1771 4349 1892 4440 quam

396 4503 402 4510 .
499 4433 714 4567 decrescere
741 4463 881 4555 queat,
912 4465 1030 4557 atquc
1056 4441 1114 4525 his
1127 4441 1271 4566 casibus
1296 4448 1399 4532 nulla
1428 4442 1575 4561 prorsus
1598 4443 1741 4538 solutio
1761 4452 1893 4537 locum

1764 4567 1891 4670 lrabe-
