4284 5600
441 389 528 490 sta
843 379 943 460 na
1009 375 1431 458 arraona
1557 421 1563 428 -

411 521 415 529 Χ
441 537 590 626 calculo
610 537 803 652 particula
833 563 887 622 nr
907 541 1038 621 &oo
1062 527 1245 652 nusquam
1280 533 1380 618 inter
1404 527 1441 618 se
1468 525 1762 644 permiscentur,
1791 531 1862 631 sed

442 681 603 772 utraque
627 683 816 770 perpetuo
836 652 987 743 seorfim
1013 659 1160 740 tractari
1183 651 1311 767 possm
1370 647 1432 740 Ut
1452 675 1581 737 autem
1600 657 1680 742 haec
1705 657 1755 744 ad
1781 689 1856 745 no-

442 779 550 860 tandi
566 777 776 860 modumin
786 769 968 887 superiori
987 775 1111 886 capite
1131 797 1328 884 receptum
1348 771 1712 866 accommodemus3
1732 807 1852 892 pona-

442 921 526 978 mus
569 896 612 979 V
630 891 702 980 esse
732 893 1004 1005 expreffionem
1036 885 1305 1004 quamcunque
1335 887 1672 976 indeterminatam
1692 955 1704 993 ,
1728 925 1852 1010 quta,

441 1039 515 1124 pro
535 1007 684 1095 abscissa
708 1011 863 1096 definita
881 1010 924 1100 A
940 1005 979 1095 Z
1000 1047 1064 1082 z
1080 1043 1128 1111 a,
1151 1014 1323 1097 valorem
1344 1011 1506 1124 recipiat
1524 1044 1592 1086 =
1610 1012 1658 1094 A
1663 1044 1675 1102 ς
1695 1009 1852 1128 ejusque

441 1131 614 1216 valorem
634 1128 921 1216 differentialem
942 1157 991 1214 ex
1009 1131 1192 1240 particula
1216 1161 1265 1214 nr
1293 1151 1420 1213 ortum
1446 1125 1521 1215 else
1541 1161 1610 1200 =
1634 1158 1702 1212 nr.
1734 1133 1849 1227 dA3

441 1247 510 1332 ubi
527 1248 609 1330 ΔΑ
631 1249 745 1331 nobis
773 1248 937 1335 denotet
973 1249 1082 1332 idem
1108 1249 1218 1366 quod
1256 1272 1344 1334 ante
1383 1246 1511 1338 Tdr'rr
1542 1250 1764 1364 poteritque
1784 1253 1852 1338 iste

440 1367 552 1450 valor
584 1367 658 1450 ΑΛ
689 1395 737 1452 ex
766 1367 1071 1478 expreflioneV‚
1098 1369 1222 1454 modo
1243 1372 1281 1453 in
1312 1361 1520 1478 Capitibus
1543 1371 1849 1478 praecedentibus

441 1484 643 1596 expnfim,
668 1486 842 1570 inveniri.
918 1482 1018 1572 Hoc
1038 1489 1201 1578 invento
1228 1491 1301 1573 erit
1338 1486 1509 1593 ejusdcm
1544 1486 1787 1595 expressionis
1813 1487 1859 1574 V

439 1602 550 1686 valor
587 1601 848 1688 differentialis
882 1633 930 1689 ex
956 1607 1056 1688 binis
1085 1607 1278 1716 particulis
1321 1601 1372 1688 nr
1401 1611 1441 1688 &
1475 1633 1537 1687 oca
1570 1605 1756 1689 oriundus
1780 1642 1849 1682 =

439 1745 499 1802 nr.
522 1721 605 1802 ΔΛ
625 1733 674 1814 -Ι-
693 1749 773 1804 oo.
805 1721 887 1806 aA‘
912 1722 979 1804 ubi
1003 1725 1092 1805 Μ’
1111 1721 1274 1808 denotat
1288 1723 1460 1807 valorem
1484 1721 1558 1803 ΑΛ
1583 1715 1648 1806 suo
1669 1721 1848 1810 differen-

439 1835 698 1924 tialiauttum.
733 1835 976 1952 Quanquam
998 1865 1128 1924 autem
1159 1844 1228 1926 isla
1250 1841 1427 1926 valorum
1456 1837 1764 1926 disl'ercntialium
1798 1871 1848 1929 ex

438 1957 540 2042 binis
574 1957 768 2068 particulis
810 1957 1060 2044 oriundorum
1084 1959 1141 2043 ad
1174 1961 1342 2044 nostrum
1369 1959 1581 2043 institutum
1605 1961 1769 2044 omnino
1794 1963 1848 2046 est

437 2069 661 2164 necessarias
682 2100 811 2160 tamen
840 2069 981 2162 solutio
1015 2070 1091 2187 ipsa
1138 2073 1430 2164 problematum
1460 2077 1536 2160 huc
1571 2079 1848 2190 pertinentium

436 2220 488 2278 eo
507 2195 646 2276 iterum
669 2194 897 2290 reducetur,
937 2219 979 2278 ut
995 2189 1191 2307 persolos
1229 2197 1383 2282 valotei
1413 2193 1684 2282 differentiales
1718 2193 1847 2282 modo

435 2303 543 2422 supra
560 2309 735 2421 exposito
756 2313 963 2408 inventos,
990 2312 1059 2425 qui
1077 2307 1220 2400 scilicet
1256 2342 1305 2398 ex
1338 2316 1447 2398 unica
1468 2314 1649 2422 particula
1685 2341 1736 2401 aa
1763 2307 1846 2400 nas·

435 2452 598 2632 cumps,
619 2423 765 2518 absolvi
789 2455 934 2544 queatr
956 2429 1000 2517 id
1023 2430 1134 2545 quod
1161 2428 1415 2552 exsequente
1445 2425 1716 2548 Proposrtiont
1750 2457 1845 2527 mox
1906 2521 1920 2532 .,

433 2569 523 2659 pate
552 2567 594 2636 tr.

709 2757 1559 2856 ProrosrsroIV.P1tourarans
1646 2847 1650 2854 .
1739 2755 1746 2764 ’

493 3002 562 3078 27.
592 2976 693 3064 uter
715 3009 836 3063 omnes
863 3011 1000 3066 curvas
1026 2987 1081 3070 ad
1095 2989 1240 3071 eandem
1266 2990 1392 3070 datam
1412 2983 1593 3093 abstissam
1617 2977 1712 3072 AZ
1736 3007 1844 3076 επ

430 3099 584 3194 relatas,
608 3108 648 3182 in
678 3127 769 3210 qaas
794 3105 888 3183 idem
911 3106 1019 3187 valor
1039 3110 1255 3216 expreffimis
1278 3109 1465 3216 indefinita
1490 3100 1558 3189 W
1570 3116 1733 3218 conpetit
1745 3139 1760 3197 ς
1782 3109 1841 3190 dc·

429 3225 622 3301 terminare
646 3245 752 3318 ram,
776 3229 818 3302 in
841 3221 971 3332 quaſsa
1000 3227 1160 3336 exprefflo
1188 3226 1232 3311 V
1248 3233 1451 3308 maximum
1475 3229 1542 3308 vel
1566 3233 1774 3318 minimum·

893 3443 1385 3517 SOLUTIO.

488 3623 684 3717 Ponamus
711 3654 866 3720 curvam
894 3625 952 3720 az
979 3635 1136 3750 quaesto
1160 3633 1399 3741 satisfacere,
1421 3662 1539 3754 atque
1566 3637 1839 3755 expressionem

429 3741 498 3834 W
510 3749 552 3833 in
575 3779 622 3836 ea
650 3749 829 3837 obtinere¹
854 3753 1028 3840 valorem
1052 3759 1347 3844 determinatum
1370 3797 1438 3834 --
1455 3759 1516 3850 'Ba
1539 3761 1612 3844 erit
1636 3783 1731 3870 ergo
1757 3757 1839 3840 hac

326 3930 330 3936 .
426 3894 543 3952 curva
558 3897 612 3953 az
627 3871 726 3956 inter
736 3873 872 3957 omnes
883 3873 975 3956 alias
990 3901 1123 3958 trevas
1133 3877 1183 3958 ad
1196 3869 1670 3965 eandtm'abscissamAZ
1686 3875 1840 3975 relatas·

386 4019 389 4031 ·
426 3981 466 4064 in
482 3987 622 4094 quibus
645 3990 828 4102 expressio
854 3985 920 4075 W
936 3991 1105 4079 eundern
1124 3992 1277 4082 obtinet
1289 3997 1490 4093 valorem,
1514 3995 1567 4080 ita
1576 4017 1835 4106 comparata,

427 4103 528 4182 utin
553 4128 599 4185 ea
624 4109 806 4219 expressio
838 4107 881 4192 V
905 4110 1114 4198 maximum
1142 4114 1395 4200 minimumve
1412 4115 1601 4198 aaronem
1632 4113 1790 4222 recipiat
1821 4167 1834 4206 ,

425 4220 494 4330 qui
518 4217 560 4301 fit
579 4255 650 4310 ·=-·.·
663 4226 718 4306 A.
781 4225 854 4312 Ad
880 4256 1036 4314 curvam
1057 4259 1151 4346 ergo
1166 4233 1262 4318 hanc
1282 4233 1555 4318 inveniendam
1570 4291 1588 4329 ,
1605 4217 1834 4342 positisabs-

423 4333 510 4420 cissa
545 4337 742 4424 indefinita
778 4337 937 4428 A1=
958 4380 1010 4447 x,
1043 4355 1082 4434 dr
1117 4349 1305 4462 applicata
1336 4348 1591 4465 respondente
1617 4342 1659 4431 li
1686 4379 1754 4418 ···-=
1768 4374 1793 4455 y
1819 4373 1832 4432 ς

283 4549 287 4552 .
343 4447 345 4450 ’
424 4452 522 4542 bina
540 4457 736 4566 applicatae
755 4459 837 4550 Nn
863 4467 903 4544 dt
931 4461 1018 4550 Oo
1040 4470 1233 4578 particulis
1247 4469 1394 4554 infinite
1413 4469 1602 4584 parvisnr
1624 4471 1664 4548 δι
1685 4487 1834 4548 ornau-

422 4576 501 4684 geti
538 4576 802 4692 concipiantur
821 4615 831 4670 ε
855 4609 937 4696 quo
962 4579 1322 4700 sailo,tamips1us
1348 4587 1418 4675 W
1430 4613 1548 4706 quam
1571 4579 1684 4698 ipsus
1704 4581 1747 4671 V
1768 4605 1828 4781 pa·

1790 4720 1835 4780 or
