4284 5600
327 383 568 498 τω.
627 383 722 492 ‘rr
775 415 944 494 nrm
1005 417 1460 526 nutatim.
1582 423 1667 530 τῇ

240 571 372 659 'nibus
398 567 693 654 determinatum
718 559 792 652 elle
810 581 990 677 'oportets
1020 563 1195 680 iaquod
1210 569 1483 671 obtinebitur,
1514 569 1662 657 fiblnae

259 686 460 803 applicata*
475 681 587 785 Nn,
616 689 654 766 &
675 680 721 768 O
734 683 964 795 oparticulis
983 681 1132 792 infinite
1137 691 1267 806 parvis
1285 717 1336 773 nr
1352 695 1391 773 tlt
1412 715 1475 772 οω
1495 715 1662 803 augean.

259 809 335 892 turss¹
392 800 523 914 Qrod
553 801 578 885 fi
604 827 699 913 ergo
721 827 836 886 curva
862 800 940 884 hoc
962 799 1086 888 modo
1104 807 1295 889 immutari
1309 807 1570 920 concipiaturr
1587 809 1662 920 pti-

252 953 369 1010 mum
392 915 648 1007 efficiendum
663 917 746 1018 est,
776 943 819 1002 ut
840 919 1054 1032 proprietas
1096 921 1313 1008 communis
1341 953 1428 1008 turn
1452 927 1505 1008 ¹in
1543 918 1661 1035 ipsam

260 1069 416 1129 curvam
437 1063 523 1122 tum
543 1039 582 1121 in
608 1059 792 1120 mutatam
812 1064 922 1152 aeque
940 1061 1158 1151 competatt
1187 1041 1330 1126 deinde
1354 1043 1473 1128 etiam
1504 1041 1662 1126 maximi

260 1159 460 1245 minimive
479 1153 661 1268 exprellro
698 1155 737 1238 in
769 1178 930 1268 utraque
951 1181 1066 1242 curva
1092 1159 1259 1245 eundern
1291 1159 1463 1247 valorem
1496 1163 1664 1244 retinere

262 1276 437 1362 debebit.
496 1271 604 1360 Prius
622 1271 918 1387 prestabimrm
942 1272 1204 1382 expreffionis,
1230 1299 1307 1388 qua
1328 1280 1540 1390 proprietas
1554 1301 1663 1358 com·
1705 1269 1709 1274 ’

262 1396 387 1482 munis
410 1393 651 1491 continetur,
677 1391 787 1474 valor
822 1387 1081 1476 differentialis
1108 1395 1376 1506 investigetur,
1405 1391 1589 1478 oriundus
1612 1417 1662 1476 ex

261 1511 507 1594 translatione
539 1511 720 1591 binorum
743 1534 769 1589 n
789 1511 829 1589 &
861 1535 888 1589 o
913 1505 952 1590 in
976 1513 1048 1592 r&
1073 1550 1124 1608 ω,
1142 1504 1249 1624 isque
1284 1505 1510 1594 evanescens
1541 1534 1662 1621 pona·

260 1652 350 1712 tur:
385 1626 586 1738 posteriori
604 1652 701 1728 vero
726 1620 944 1707 conditioni
968 1622 1144 1726 satisfiet,
1169 1625 1194 1709 fi
1215 1629 1295 1738 pari
1316 1623 1442 1711 modo
1467 1621 1663 1722 valordifi·

259 1743 467 1862 &sentiri-is
488 1741 757 1854 exptellronis„
779 1769 864 1854 quae
889 1744 1105 1830 ‘maximum
1128 1744 1380 1830 minimumve
1408 1739 1482 1830 elle
1510 1739 1663 1841 debet,

261 1887 474 1978 queratur,
505 1857 688 1942 oriundos
708 1887 756 1940 ex
777 1858 877 1940 binis
897 1863 1092 1970 particulis
1115 1888 1165 1943 nr
1194 1865 1233 1944 δι
1260 1893 1354 1963 οω,
1385 1885 1503 1976 atque
1537 1859 1663 1943 nihilo

261 1979 415 2092 aqualis
440 2001 616 2088 ponatur.
677 1970 776 2060 Hoc
796 1977 930 2086 paolo,
963 1977 1047 2062 duae
1074 1975 1354 2064 obtinebuntur
1385 1979 1664 2092 aquationes,

259 2099 378 2184 altera
402 2122 451 2178 ex
470 2096 705 2208 proprietate
719 2093 940 2193 commoni,
962 2097 1080 2178 altera
1106 2121 1155 2178 ex
1187 2098 1344 2196 maximi
1374 2096 1573 2179 minimive
1594 2119 1663 2177 ex·

258 2209 481 2326 pressiones
522 2235 683 2324 utraque
713 2233 842 2294 autem
881 2203 1069 2318 ejusmodi
1099 2209 1261 2295 habebit
1291 2211 1453 2296 formam
1476 2209 1519 2294 S.
1543 2237 1594 2308 n,
1614 2213 1663 2304 -Ι-

262 2327 312 2414 Τ.
332 2355 400 2412 ou
423 2365 491 2404 a
509 2362 563 2420 or
598 2329 636 2412 io
663 2354 738 2444 qua
755 2325 787 2413 S
800 2325 897 2412 &T
915 2353 1026 2414 erunt
1047 2331 1280 2441 quantitates
1298 2323 1348 2413 ad
1366 2355 1521 2412 curvam
1544 2324 1663 2439 petti-
1685 2387 1690 2396 .

258 2469 410 2534 nentes.
470 2440 530 2532 Ex
553 2446 654 2531 binis
677 2470 806 2530 autem
834 2439 1024 2553 ejusmodi
1048 2447 1330 2561 aquationibus
1360 2443 1662 2554 eliminabuntur

149 2608 173 2628 2·
259 2563 450 2680 particulae
473 2590 527 2646 nr
550 2568 591 2648 δι
619 2591 705 2654 οως
726 2565 1016 2676 provenietque
1042 2565 1209 2677 aequatio
1228 2592 1298 2676 pto
1326 2585 1442 2647 curva
1473 2557 1626 2675 quaefita
1646 2601 1687 2664 ‚·

257 2709 367 2797 quta,
392 2683 491 2785 inter
514 2708 651 2766 omnes
673 2681 764 2764 alias
776 2679 913 2766 eadem
933 2681 1134 2766 communi
1148 2682 1382 2794 proprietate
1406 2675 1664 2792 Bptaeditas,

256 2799 398 3002 pubere
418 2799 596 2890 valorem
619 2795 863 2914 exprellronis
882 2797 931 2887 A
951 2798 1169 2890 maximum
1184 2798 1264 2894 ‚vel
1288 2795 1504 2888 minimum.
1534 2791 1661 2914 Μ.

758 3121 1243 3222 conetur„

318 3351 385 3454 ἰ’ς.
418 3343 572 3433 Solutio
596 3343 710 3461 igitur
740 3337 958 3452 hujusmodi
993 3339 1285 3433 problematum
1318 3367 1482 3457 quoque
1509 3337 1661 3430 teduci-

259 3484 320 3556 tur
339 3464 390 3551 ad
414 3466 685 3562 inventionem,
701 3463 876 3550 valorum
902 3459 1249 3552 differentialium:
1283 3459 1351 3574 ipss
1386 3487 1514 3546 autern
1549 3462 1659 3545 ualo-

258 3613 318 3684 res
354 3582 622 3670 differentiales
649 3583 699 3666 ab
727 3583 773 3664 iis
794 3606 893 3691 quos
921 3604 1011 3666 ante
1033 3580 1212 3668 dedimus
1248 3580 1286 3662 in
1309 3578 1385 3662 hoc
1413 3574 1663 3688 discrepant,

259 3701 371 3818 quod
384 3731 433 3792 ex
446 3703 698 3790 translatione
729 3695 898 3806 duorum
919 3723 1043 3784 curvae
1058 3703 1297 3813 :punitorum
1314 3693 1464 3791 definiri
1478 3695 1661 3782 debeant.
1778 3770 1784 3782 ,

704 3903 1226 4006 'Conoruli

327 4145 407 4225 16„
423 4123 625 4238 Ejusmodi
644 4137 796 4216 valores
816 4125 1088 4214 differentiales
1117 4149 1214 4236 ergo
1240 4151 1290 4209 ex
1317 4120 1468 4208 duabus
1498 4119 1666 4237 particu-¹

262 4245 309 4334 lis
333 4279 382 4333 nr
409 4254 448 4330 &
478 4275 541 4330 ou
565 4247 779 4344 oriundos,
810 4246 851 4325 in
878 4244 1020 4354 quovis
1048 4239 1324 4342 Problemate,
1358 4241 1473 4326 binos
1508 4241 1665 4327 investi-

261 4369 342 4478 gari
369 4389 555 4476 oporter‚·
587 4367 748 4448 alterum
777 4389 848 4472 pro
874 4361 1110 4474 proprietate
1145 4357 1369 4463 communi,
1396 4361 1559 4448 alterum
1592 4383 1666 4472 pro

262 4486 417 4569 maximi
444 4475 645 4566 minimit‘e
669 4477 915 4590 exptellrone.

282 4591 860 4750 'EuleudeManuMm
1005 4635 1016 4642 ·
1168 4587 1211 4680 Z
1342 4575 1345 4582 ⁵
1559 4581 1705 4710 Co·-
