4292 5602
334 379 422 466 Aa
448 375 688 498 euasu'ajs
713 387 1150 474 tutaurtnuas
1175 395 1509 478 nasorum.
1553 511 1554 516 Ν
1579 403 1661 486 '121

658 648 1269 750 scuonronn

314 843 388 951 '44
418 831 523 930 Usus
542 834 656 946 hujus
673 837 949 953 Propofitionis
979 839 1146 926 eximius
1164 841 1218 927 est
1237 842 1277 924 in
1305 843 1580 954 questionibus
1610 846 1663 929 ira
1688 829 1695 846 ’

255 960 508 1069 ἰοηιραταῑίε,
538 977 584 1040 ut
614 957 848 1066 quantitates
874 955 1083 1042 indefinita
1103 959 1146 1052 in
1161 958 1206 1042 iis
1221 983 1412 1044 contenta
1435 989 1503 1074 per
1517 963 1663 1046 formu-

257 1077 311 1158 las
330 1072 532 1186 integrales
553 1072 728 1158 exhiberi
745 1099 967 1186 nequeant,
1008 1101 1145 1158 verum
1180 1077 1502 1160 construdiionem
1536 1105 1663 1188 aequa·
1720 1125 1722 1128 ·

257 1191 410 1274 tionum
435 1187 742 1276 differentiaiium
779 1191 983 1301 postulent.
1046 1185 1186 1302 Atque
1215 1191 1295 1275 haec
1322 1185 1464 1276 solutio
1502 1193 1663 1304 perinde

255 1309 385 1407 valet,
416 1306 493 1391 five
513 1333 589 1390 una
612 1298 831 1412 hujusmodi
852 1305 1046 1421 quantitas
1077 1331 1108 1386 11
1132 1303 1217 1390 infit
1238 1307 1278 1389 in
1310 1305 1475 1392 formula
1503 1311 1661 1394 maximi

256 1423 458 1507 minimive
471 1421 511 1522 s
505 1431 535 1498 Ζ
543 1425 605 1504 dx
630 1420 708 1505 five
729 1423 880 1534 plutes3
899 1423 1022 1536 'quod
1043 1421 1069 1506 st
1093 1425 1197 1508 enim
1220 1423 1347 1534 plures
1365 1423 1477 1507 insmt
1495 1419 1660 1530 ejusmo·
1693 1521 1698 1538 x

256 1538 550 1651 di'quantitates
576 1561 631 1635 11,
663 1538 788 1649 plures
806 1540 923 1624 etiam
948 1539 1194 1624 habebuntur
1212 1539 1368 1623 valores
1387 1541 1656 1630 litterarumL,

258 1660 363 1756 [L],
389 1647 517 1768 [M],
550 1651 737 1762 [N],[
792 1657 839 1760 ],
873 1659 1005 1764 [Q],
1038 1663 1114 1740 dec.
1139 1656 1659 1770 atqueetiamlitteraeis:

255 1769 1097 1928 e”s[¹‘]dx(iI——ses[L]d³⁶de);
1123 1821 1191 1934 qui
1219 1849 1356 1908 omnes
1372 1822 1589 1938 aqualiter,
1607 1813 1660 1908 eo

255 1933 382 2025 modo
416 1952 533 2048 quem
591 1935 842 2027 invenimus,
891 1935 931 2016 in
974 1939 1149 2022 valorem
1170 1937 1462 2030 differentialem
1485 1937 1660 2024 formulae

241 2055 389 2167 szdx
407 2050 617 2136 introdudii
637 2049 863 2162 praebebunt
892 2054 1149 2162 aequationem
1169 2084 1242 2165 pro
1282 2083 1418 2146 curvam
1452 2053 1660 2168 fimilisque

255 2171 420 2258 ommno
446 2168 621 2253 tradatio
631 2165 726 2264 erit,
749 2192 796 2250 ac
811 2163 839 2248 st
855 2167 964 2252 unica
978 2194 1129 2252 rantum
1154 2166 1309 2256 adeffet.
1373 2166 1656 2278 Qroniamau·

254 2307 336 2374 tem
358 2288 485 2372 littera
503 2286 568 2368 ista
590 2309 645 2384 n,
676 2285 783 2388 cujus
807 2285 917 2366 valor
940 2259 1136 2370 absolutus
1158 2314 1225 2398 per
1253 2286 1486 2398 quantitates
1508 2282 1559 2368 ad
1574 2311 1659 2370 cur·

252 2430 344 2490 vam
364 2405 600 2516 pertinentes
630 2399 803 2486 exhiberi
822 2429 903 2483 non
923 2405 1075 2513 potest,
1106 2405 1146 2486 in
1172 2403 1355 2488 omnibus
1383 2401 1464 2489 fere
1485 2401 1659 2488 terminis

252 2542 409 2618 manem
439 2522 609 2635 aequatio
632 2545 869 2631 procurva,
900 2547 985 2632 quae
1008 2521 1222 2620 invenitur,
1246 2548 1327 2606 non
1341 2513 1463 2605 solum
1483 2547 1532 2605 ex
1554 2518 1659 2606 litte·

251 2638 303 2724 tis
326 2666 375 2738 x,
401 2671 447 2752 y,
470 2661 529 2750 p,
562 2669 607 2750 q,
639 2667 681 2730 r,
707 2637 1021 2734 &c.‘constabit,
1045 2627 1111 2720 sed
1136 2639 1253 2721 etiam
1285 2630 1401 2749 ipsam
1423 2663 1508 2720 eam
1534 2663 1659 2748 quan·

253 2757 406 2841 ritatem
423 2779 476 2848 n,
508 2751 673 2867 aliasque
690 2751 872 2838 formulas
889 2755 1091 2868 integrales
1109 2754 1334 2868 plerumque
1349 2754 1399 2836 ab
1419 2779 1466 2838 ea
1484 2751 1660 2866 penden-

252 2874 337 2966 tes',
363 2871 638 2978 utis[L]dx
655 2878 696 2955 de
708 2871 751 2979 s
745 2873 782 2954 L
793 2875 881 2972 dx,
915 2872 1106 2956 involvet.
1170 2866 1309 2979 Qtare
1332 2893 1376 2950 ut
1401 2872 1570 2980 aequatio
1585 2897 1657 2976 pro

251 3011 369 3074 curva
390 3011 506 3096 pura,
534 3016 620 3098 quae
644 3011 793 3072 tantum
817 2989 953 3070 litteris
983 3017 1038 3083 x,
1057 3015 1101 3092 y,
1119 3009 1170 3092 p,
1199 3015 1247 3094 q,
1278 2989 1355 3065 &e
1384 2985 1655 3078 contineatur,

251 3097 441 3216 prodeat,
471 3125 631 3208 oportet
653 3129 742 3183 cum
771 3103 988 3208 aquatione
1010 3102 1185 3190 inventa,
1213 3098 1414 3208 postquam
1436 3123 1458 3179 a
1481 3095 1657 3180 formulis

252 3215 501 3332 integralibus
508 3217 565 3322 Ji
575 3217 635 3319 L]
646 3219 708 3296 dx
726 3219 765 3298 δι
763 3219 805 3320 s
800 3215 837 3298 L
845 3218 905 3295 dx
922 3213 976 3297 est
994 3215 1177 3311 liberata,
1198 3213 1380 3324 conjungi
1398 3213 1656 3323 aequationem

252 3335 601 3440 dn:[Z]dx‚
632 3325 787 3444 ejusque
808 3359 886 3444 ope
907 3331 1081 3414 valorem
1109 3355 1140 3414 11
1168 3329 1368 3413 eliminari.
1413 3327 1657 3440 Quanquam

253 3475 382 3539 autem
411 3451 488 3534 hoc
507 3447 632 3534 modo
654 3448 704 3533 ad
731 3447 996 3534 differentialia
1015 3448 1194 3529 altiorum
1215 3445 1397 3530 ordinum
1423 3451 1655 3559 pervenitur,

254 3593 491 3666 tamennon
516 3565 688 3652 totidem
713 3562 830 3651 inesse
862 3557 1058 3650 censendae
1091 3557 1174 3647 sunt
1201 3563 1414 3647 constantes
1436 3564 1650 3645 arbitrariae.

253 3681 363 3776 Nam
384 3707 463 3770 tam
484 3679 562 3796 ipsa
578 3682 746 3800 aequatio
767 3686 907 3766 dn:
927 3689 1010 3784 [Z]
1023 3683 1106 3770 dx,
1127 3705 1241 3792 quam
1263 3680 1416 3792 reliquae
1446 3679 1656 3784 anteriores¹

253 3803 502 3914 aequationes,
524 3825 665 3888 certam
678 3801 876 3914 requirunt
896 3795 1271 3894 determinationem,
1287 3797 1391 3880 unde
1410 3786 1655 3906 plurescons-

255 3939 386 4001 rantes
416 3915 798 4004 determinabuntur.·
846 3913 1043 4006 Caeterum
1053 3914 1267 4001 notandum
1287 3915 1341 3999 est
1361 3913 1563 3994 veritatem
1583 3910 1653 3992 hu·

254 4033 313 4142 jus
334 4027 527 4117 Methodi
547 4036 794 4144 comprobari
815 4030 921 4143 posse
950 4063 1018 4144 ptr
1036 4031 1314 4145 praecedentes,
1347 4025 1505 4140 quando
1527 4036 1654 4142 aequa-²

255 4150 316 4234 tio
343 4152 492 4232 dn:
512 4147 610 4259 [Ζ]
628 4153 689 4228 dx
715 4153 770 4244 ira
789 4151 844 4233 est
867 4175 1087 4259 comparata
1120 4173 1163 4230 ut
1193 4149 1487 4258 integrationem
1514 4145 1654 4228 admit-

255 4285 333 4350 tat:
365 4291 448 4348 tum
480 4265 585 4350 enim
606 4261 753 4349 eadem
778 4265 1003 4375 questiones
1029 4293 1096 4376 per
1126 4259 1351 4348 Methodos
1381 4289 1470 4348 ante
1498 4263 1655 4346 traditas

254 4377 393 4466 resolvi
413 4404 623 4492 poterunt,
659 4379 831 4492 indeque
855 4375 1077 4468 consensum
1104 4373 1304 4470 observare
1330 4381 1477 4466 licebit.
1539 4375 1653 4467 least

257 4499 353 4604 [Ζ]
372 4521 519 4582 rantum
540 4527 587 4582 eu
611 4531 638 4580 x
658 4505 698 4584 de
721 4527 753 4582 11
772 4501 945 4602 constet,
969 4524 1052 4586 tum
1074 4525 1218 4588 cerrum
1242 4502 1313 4587 erit
1340 4528 1370 4584 rr
1396 4493 1468 4584 erse
1489 4493 1654 4582 finnio·

315 4606 445 4696 Euleri
473 4621 516 4699 de
536 4612 658 4704 Max.
681 4609 854 4714 &Mira
1104 4615 1165 4730 Q
1287 4657 1289 4659 ·
1562 4636 1652 4696 nem
