4284 5600
439 448 613 522 erar.
673 450 768 520 ετ
821 452 989 524 ratu.
1051 449 1502 528 antemna.
1619 447 1717 546 ἠρ

307 579 420 681 nibus
440 585 487 668 A
507 590 546 684 δι
569 585 702 671 Bnon
733 588 903 672 inerant:
927 589 985 670 hae
1005 613 1134 675 autem
1157 590 1268 674 unius
1286 587 1720 678 dumtaxat'constantis

308 711 436 794 vicem
455 699 710 796 sustinebuntt
743 706 835 818 quia
857 732 988 790 earum
1015 709 1296 800 tariotarum
1322 709 1362 792 in
1392 730 1618 824 computum
1650 736 1722 792 ve-

309 847 381 912 nrt.
1155 867 1158 873 ·

717 1029 1095 1128 .Coaouu
1157 1034 1250 1124 nt
1367 1139 1372 1159 θ

370 1286 411 1365 4.
445 1249 576 1364 Quod
596 1253 761 1368 aergo,
790 1251 890 1341 inter
918 1283 1055 1340 omnes
1083 1282 1217 1340 curvas
1247 1253 1385 1340 eadem
1401 1253 1599 1340 communi
1629 1283 1715 1368 pro·

312 1374 474 1489 prietate
493 1373 540 1456 A
558 1371 793 1487 gaudenter,
824 1399 910 1464 eam
934 1372 1083 1456 definiri
1107 1396 1289 1484 oporteat
1311 1373 1351 1456 in
1374 1400 1453 1486 qua
1466 1451 1468 1454 .
1482 1373 1525 1455 stt
1545 1371 1581 1455 Β
1600 1373 1721 1456 maxi·

312 1517 417 1575 mum
441 1489 715 1580 utinimumvct
748 1515 830 1572 tunt
851 1484 1042 1602 utriusque
1074 1487 1317 1601 expresstonis
1336 1489 1377 1574 A
1399 1495 1439 1572 dc
1464 1486 1501 1573 B
1525 1492 1720 1602 capiantur

311 1604 464 1689 valores
499 1601 804 1706 differentiales,
838 1604 935 1718 qui,
967 1633 1033 1716 per
1072 1608 1287 1690 constantes
1323 1606 1533 1690 arbitrarias
1562 1599 1721 1702 ,seorfim

312 1719 555 1830 multiplicati
579 1727 618 1802 δι
641 1721 873 1826 conjunctim
892 1722 1017 1808 nihilo
1037 1721 1202 1840 aequales
1233 1720 1376 1836 pofiti,
1407 1720 1720 1838 dabunt‘ae'qua·

313 1839 462 1924 tionem
482 1865 553 1951 pto
581 1863 696 1920 curva
715 1834 879 1949 quaefita.
1745 1843 1748 1848 ’

630 2077 686 2171 J
747 2063 1092 2161 CoRoLL.
1153 2068 1245 2166 IV.

346 2289 349 2296 ’
380 2301 415 2390 5.
447 2281 569 2370 Simul
592 2283 709 2370 etiant
736 2277 972 2399 perspicuum
1005 2287 1060 2374 est
1083 2287 1244 2401 perinde
1279 2281 1377 2388 eise,
1405 2279 1482 2371 stve
1506 2275 1605 2371 inter
1635 2313 1719 2371 om·

314 2429 385 2488 nes
404 2426 538 2489 curvas
563 2403 698 2488 eadem
722 2405 921 2488 communi
944 2406 1180 2517 proprietate
1204 2405 1253 2490 A
1277 2401 1512 2520 gaudentes,
1545 2427 1590 2486 ea
1616 2429 1717 2513 quae-

315 2544 416 2604 ratur
438 2515 477 2604 in
502 2545 579 2632 qua
610 2516 654 2603 fit
680 2515 950 2624 Bmauimum=
970 2522 1036 2606 vei
1071 2523 1310 2614 minimumt
1327 2523 1408 2608 ‘five
1435 2515 1591 2603 viciffirn
1620 2520 1722 2604 inter

314 2663 450 2723 omnes
463 2661 595 2720 curvas
613 2635 749 2721 eadem
769 2638 966 2722 communi
986 2639 1219 2750 proprietate
1243 2636 1282 2721 B
1299 2634 1535 2755 gaudentes,
1554 2661 1601 2720 ea
1615 2663 1719 2752 quac·

314 2773 417 2864 patut
434 2752 580 2868 inqua
602 2750 646 2838 fit
669 2752 719 2838 A
740 2755 950 2842 martinum
976 2755 1041 2842 vel
1060 2757 1276 2846 minimum

718 2973 747 3044 s
795 2976 827 3041 c
871 2971 913 3046 Η
959 2977 986 3042 o
1035 2973 1062 3044 L
1110 2977 1131 3042 t
1177 2975 1205 3042 o
1251 2973 1302 3042 tc.

375 3165 417 3251 ’6.
450 3155 583 3269 Qut,
601 3183 707 3256 curn
730 3157 770 3244 in
791 3163 864 3246 hac
888 3158 1161 3276 Proposttione'
1174 3220 1189 3264 ,
1220 3182 1304 3246 tum
1327 3158 1367 3248 in
1392 3157 1551 3246 annexis
1569 3152 1722 3246 Corol-

314 3281 445 3378 lariis,
475 3272 727 3377 tradidimus,
759 3305 807 3366 ex
833 3273 979 3391 Capite
1001 3278 1241 3390 praecedente
1268 3281 1346 3388 jam
1368 3271 1452 3363 iunt
1477 3272 1680 3389 planiffinta
1706 3310 1718 3358 ε

314 3398 462 3510 quippe
483 3397 625 3509 quibus
647 3389 865 3482 'continetur
887 3389 1041 3483 inversa
1057 3391 1281 3484 Methodos
1305 3387 1522 3480 resolvendi
1553 3385 1717 3478 Proble-

315 3535 444 3613 mata,
473 3511 700 3626 inquibus,
731 3515 831 3598 inter
853 3540 991 3601 omnes
1012 3541 1146 3600 curvas
1168 3511 1305 3600 eadem
1324 3510 1521 3598 communi
1542 3509 1719 3623 proprie·

314 3651 396 3718 tate
419 3625 663 3745 gaudenter,
694 3653 742 3714 ea
757 3633 937 3742 quaeritur
967 3657 1052 3742 quae
1076 3630 1234 3743 praedita
1254 3629 1299 3714 stt
1326 3627 1483 3714 maximi
1517 3625 1721 3710 minimive

311 3748 473 3856 alicujus
497 3745 643 3832 Indole·
676 3741 826 3859 Neque
843 3757 940 3832 vero
960 3747 1105 3832 idcirco
1125 3745 1230 3836 idem
1260 3767 1525 3858 argtunentum
1546 3769 1620 3827 nos
1633 3762 1715 3823 tan·

312 3883 401 3946 turn
421 3856 635 3974 repetiviiie
655 3857 886 3948 censendum
921 3862 1005 3954 este
1039 3893 1129 3951 narn
1159 3861 1322 3948 eandem
1341 3860 1570 3950 veritatem,
1598 3881 1715 3967 quarn

288 4026 291 4032 2
314 3997 406 4060 ante
425 3977 550 4064 modo
570 3974 657 4063 satis
676 3981 832 4090 profixo
853 3980 1126 4077 elicuermnus,
1150 3976 1213 4066 hic
1231 3975 1444 4062 admodum
1472 3967 1655 4062 succindit
1675 3979 1716 4056 dc

313 4089 484 4178 breviter
524 4090 702 4178 dedimus
736 4093 1046 4180 demonstratam.
1109 4092 1310 4205 roirca
1341 4119 1393 4180 eo
1430 4087 1566 4176 fortius
1596 4091 1716 4175 altera

312 4203 603 4294 demonstrandi
628 4202 854 4293 Methodus
884 4236 956 4321 per
982 4211 1140 4294 alterum
1177 4206 1495 4308 confirmabitur,
1526 4207 1582 4291 ob
1614 4201 1713 4290 sunt·

314 4352 421 4410 mum
451 4318 644 4438 utriusque
669 4317 917 4410 consensum:
946 4325 1115 4439 aequest
1147 4329 1208 4410 cui
1231 4323 1337 4438 prior
1371 4322 1595 4412 Methodus
1626 4349 1715 4406 non
1754 4401 1768 4429 ‚

307 4433 399 4526 'satis
421 4435 611 4553 perspecta
624 4482 652 4544 ,·
668 4463 824 4553 propter
847 4466 992 4528 tantam
1018 4440 1173 4527 infinite
1202 4458 1406 4554 parvorum
1441 4465 1665 4552 compagem
1698 4495 1710 4534 ,

223 4651 226 4658 Α
305 4557 425 4668 niujis
445 4555 594 4675 ‚laihaim
609 4563 654 4670 ,ὃς
670 4558 819 4670 incepta
841 4559 1017 4674 ‚videatur
1026 4621 1043 4670 ,
1075 4561 1113 4644 ei
1131 4553 1426 4652 Demonstratio
1447 4553 1511 4643 hic
1527 4555 1615 4640 data
1626 4581 1716 4636 orn-
1848 4564 1850 4568 ’

1083 4673 1155 4788 Ff
1204 4707 1228 4790 3
1621 4693 1728 4755 nem·
