4284 5600
442 443 526 538 24⁶
897 444 998 515 ur
1054 441 1371 518 curura

440 581 621 668 summam
642 583 870 701 percipimus
888 589 1152 698 uoluptatem.
1212 583 1312 674 Hoc
1342 581 1491 687 modo,
1519 605 1717 672 curvatura
1743 583 1842 675 lituis

441 696 504 786 seu
535 730 676 788 catenae
700 698 874 816 suspense
914 705 1058 816 duplici
1079 709 1142 790 via
1170 705 1224 790 est
1244 730 1380 792 erutae
1414 704 1578 789 alterna
1611 706 1754 816 priori,
1790 735 1841 790 ex

438 813 772 904 sollicitationibus
790 824 1008 935 gravitatiss
1038 824 1158 908 altera
1181 851 1274 906 vero
1296 852 1364 932 per
1390 816 1638 906 Methodum
1654 824 1839 906 maximo·

441 964 526 1020 tum
551 964 594 1019 ac
620 942 893 1038 minimorum,
926 949 1109 1049 quoniam
1137 939 1236 1024 suuis
1257 931 1444 1044 ejusmodi
1471 965 1711 1020 curvaturam
1743 939 1843 1022 reci·

433 1081 533 1166 ‚pere
549 1053 691 1139 debere
711 1057 1017 1166 intelligebatur,
1035 1059 1141 1164 cujus
1162 1081 1335 1141 centrum
1356 1055 1551 1166 gravitatis
1573 1051 1746 1138 infimum
1767 1054 1844 1138 ob·

444 1172 584 1253 tinerct
609 1173 753 1256 locum.
810 1170 989 1256 Similiter
1022 1199 1222 1261 curvatura
1240 1173 1434 1258 radiorum
1473 1199 1541 1282 pet
1574 1171 1744 1254 medium
1759 1171 1844 1254 dia·

442 1289 612 1398 phanum
633 1289 744 1370 varia
766 1286 958 1371 densitatis
979 1284 1273 1384 transeuntium,
1308 1313 1423 1372 tama
1445 1289 1561 1399 priori
1580 1288 1634 1370 est
1657 1283 1845 1371 determi-

444 1429 560 1500 nata,
589 1432 706 1515 ¹qutun
729 1408 843 1488 etiam
866 1434 912 1488 ex
933 1404 1009 1486 hoc
1033 1406 1255 1517 principio,
1286 1404 1398 1516 quod
1419 1429 1597 1512 ternpore
1624 1401 1845 1490 breuiffimo

443 1520 494 1604 ad
515 1521 645 1602 datum
669 1523 796 1604 locum
818 1524 1016 1631 peruenire
1043 1520 1225 1608 debeant.
1287 1515 1453 1604 l’lurirna
1472 1543 1601 1602 autem
1622 1520 1696 1603 alia
1714 1518 1845 1604 similia

444 1637 623 1746 exempla
645 1662 668 1721 a
693 1633 801 1722 Viris
825 1633 1100 1722 Celebenimls
1124 1629 1845 1748 Butuoute11s‚uiisque,sunt

446 1755 620 1865 prolata,
651 1753 889 1865 quibuscum
917 1747 1369 1840 Methodussolveudia
1398 1753 1542 1866 priori,
1573 1779 1689 1865 quam
1710 1755 1847 1864 cogni·

448 1869 505 1950 tio
533 1861 723 1954 causarum
746 1869 990 1956 efficientium
1019 1873 1183 1956 maxima
1212 1872 1363 1980 accepit
1391 1869 1639 1954 incrementa.
1704 1866 1849 1978 Qun-

446 2009 563 2096 quam
589 1987 732 2096 igitur,
761 1987 819 2070 ob
840 1987 918 2070 haec
932 1994 1017 2070 'tam
1039 1988 1157 2070 multa
1174 2012 1219 2070 ac
1239 1986 1412 2098 preclara
1437 1979 1661 2096 specimina,
1686 1984 1848 2070 dubium

446 2099 594 2182 nullum
616 2104 867 2214 relinquitur,
893 2104 985 2214 quin
1013 2103 1053 2186 irt
1076 2103 1257 2188 omnibus
1280 2101 1389 2186 lineis
1412 2101 1672 2214 eorumquae
1695 2099 1849 2186 Solutio

447 2209 738 2304 Problematum
752 2217 1286 2327 phyfico-mathematicorum
1308 2212 1545 2330 suppeditat,
1562 2219 1715 2302 maximi
1737 2219 1849 2302 mini·

448 2333 558 2416 mive
578 2327 779 2444 cujuspiam
793 2333 945 2420 indoles
971 2334 1101 2420 locum
1115 2336 1317 2426 obtinente
1349 2359 1477 2418 tamen
1500 2328 1758 2444 sepenumero
1774 2338 1849 2418 hoc

450 2443 570 2559 ipsum
593 2452 799 2534 maximum
826 2453 887 2536 vel
914 2451 1112 2536 minimum
1137 2449 1364 2536 difficillime
1386 2445 1628 2560 perspiciturt
1659 2449 1852 2538 etiamlia

450 2567 568 2675 priori
590 2563 835 2652 Solutiouem
856 2595 987 2652 eruere
1010 2564 1181 2653 licuisset.
1230 2566 1293 2652 sic
1321 2565 1389 2652 erfi
1414 2565 1552 2680 figura,
1584 2595 1701 2681 quatu
1712 2569 1853 2654 lamina

453 2680 599 2762 elaslica
620 2683 815 2765 incurvata
846 2684 995 2780 induit,
1025 2684 1271 2794 jampridem
1296 2687 1350 2768 est
1379 2684 1567 2795 cognitae
1602 2709 1729 2768 tamen
1757 2711 1854 2790 que·

453 2794 707 2879 madmodum
742 2823 788 2880 ea
814 2823 931 2882 curva
957 2826 1024 2908 per
1045 2794 1286 2884 Methodum
1321 2801 1573 2884 maximorum
1607 2807 1645 2884 ar
1675 2801 1855 2884 minimo-

453 2939 569 3010 rum,
600 2913 677 2996 boc
698 2915 783 3016 est,
815 2943 885 3024 per
910 2909 1035 3004 causat
1054 2913 1211 3014 finales,
1243 2917 1458 3028 investigari
1485 2913 1596 3028 possrt
1648 2941 1672 3000 a
1699 2918 1855 3002 nemine

453 3027 580 3112 adhuc
603 3032 654 3115 est
678 3025 993 3118 animadversum.
1034 3029 1311 3144 Quamobrem
1335 3060 1423 3118 curu
1443 3029 1518 3118 Vir
1543 3028 1855 3134 Celeberrimos,

455 3171 572 3252 arque
599 3148 636 3228 in
662 3148 739 3230 hoc
763 3141 911 3232 sublimi
938 3173 1109 3233 naturam
1132 3143 1320 3234 scrutandi
1342 3175 1483 3261 genere
1503 3145 1852 3262 perspicacissimus,

453 3261 598 3346 Daniel
621 3259 958 3375 Buauouutr
994 3267 1086 3348 mihi
1110 3263 1305 3353 indicasset
1328 3263 1366 3354 se
1398 3261 1613 3352 universam
1633 3269 1739 3366 rim,
1772 3293 1856 3378 uua

460 3375 660 3460 inlumina
685 3381 833 3464 eltstica
866 3381 1063 3467 incurvata
1095 3382 1201 3480 insrt,
1233 3411 1308 3472 una
1331 3383 1497 3492 quadam
1524 3381 1692 3468 formula
1738 3408 1855 3496 quam

456 3505 538 3573 vim
567 3499 797 3602 potentialem
822 3499 1011 3608 appellat,
1044 3500 1247 3612 complesti
1285 3495 1417 3612 pulser
1451 3503 1626 3613 hancque
1653 3495 1856 3612 expressio·

458 3638 547 3694 nem
582 3612 621 3693 in
653 3636 770 3694 curva
801 3608 960 3698 Elaslica
991 3617 1186 3700 minimam
1216 3613 1291 3704 else
1319 3643 1532 3728 oporteret
1564 3618 1748 3730 quoniam
1778 3615 1856 3698 hoc
1985 3613 2021 3624 ”

457 3727 619 3810 inuento
643 3722 864 3814 Methodus
895 3757 981 3816 mea
1009 3734 1263 3820 maximorum
1283 3760 1328 3817 ac
1357 3737 1603 3820 minimorum
1627 3735 1703 3818 boc
1735 3727 1857 3824 Libro

458 3841 597 3927 tradita
617 3841 773 3929 mirifice
792 3848 991 3934 illustratur
1004 3909 1017 3950 ,
1030 3846 1184 3962 ejusque
1207 3845 1290 3936 usus
1311 3849 1550 3960 amplissimus
1563 3851 1724 3936 maxime
1745 3851 1859 3932 eviu-

459 3961 581 4050 citurr
615 3962 711 4046 banc
740 3962 978 4052 occasionem
1018 3963 1330 4077 exoptatissimam
1361 3969 1647 4078 pretermittere
1673 3995 1751 4050 non
1772 3955 1857 4072 pos·

459 4067 562 4172 sum,
596 4084 709 4185 quin,
732 4081 829 4164 hanc
847 4081 1028 4194 infignem
1049 4110 1173 4166 curvat
1198 4077 1365 4172 Elasticae
1389 4087 1659 4197 proprietatem
1679 4079 1859 4172 aCelcb·

461 4185 838 4281 BERNOULLIO
858 4195 1099 4285 observatam
1121 4198 1381 4310 publicando,
1416 4199 1520 4286 fimul
1548 4195 1740 4288 Methodi
1763 4223 1859 4282 mete

365 4329 375 4342 “
460 4299 570 4388 usum
600 4309 733 4390 clarius
758 4313 995 4418 patefaciam.
1057 4310 1250 4404 Continet
1284 4319 1388 4403 enim
1419 4319 1486 4403 illa
1519 4320 1731 4430 proprietas
1757 4315 1795 4396 in
1823 4303 1859 4396 se

401 4469 404 4476 Δ
460 4420 723 4508 differentialis
751 4421 901 4512 secundi
919 4429 1086 4541 gradus,
1118 4435 1170 4516 itu
1195 4457 1236 4520 ut
1256 4435 1292 4518 ei
1316 4435 1546 4520 evolvendae
1561 4425 1858 4520 llletlrodil'ro-¹

459 4537 590 4642 blena
613 4533 1154 4662 isopetimetricutusulvcudi
1176 4575 1265 4664 aute
1283 4550 1429 4647 tradita
1448 4541 1748 4648 nuntiauerant.
1806 4655 1844 4750 S·
1878 4653 1881 4660 ,

426 4667 429 4678 ’
812 4680 821 4695 ’
870 4675 872 4678 ¹
1005 4684 1023 4733 '¹
1741 4695 1783 4770 ‚2⁸
1832 4678 1866 4763 lt
