4444 5618
507 440 564 522 ,g
803 429 887 500 na
923 416 1233 494 uaanouo
1275 413 1415 482 aar.
1458 415 1533 488 aa
1569 417 1712 486 nrm*

507 606 583 668 nea
613 566 865 667 evanescente
904 575 1060 684 hocque
1098 567 1204 652 idem
1236 561 1287 649 de
1318 566 1484 652 minimo
1525 568 1579 652 esi
1604 564 1909 682 Intelligendum.

508 695 667 786 Dantur
698 692 856 807 quidem
873 693 994 776 etiam
1019 680 1208 794 ejusmodi
1231 683 1397 766 maxima
1420 689 1457 766 dc
1482 685 1639 768 minIma
1653 747 1666 786 ,
1698 691 1797 772 circa
1826 713 1911 801 quae

435 851 436 863 ¹
512 818 748 902 incrementa
768 811 1070 896 &decrementa
1101 803 1172 886 fint
1193 797 1339 884 infinite
1364 829 1523 913 magnae
1556 831 1691 888 verum
1713 805 1824 910 hujus
1842 831 1912 916 ge.

436 919 439 930 ’
511 937 613 1019 neris
634 931 802 1016 maxima
827 933 866 1010 δι
898 926 1056 1010 minima
1080 923 1119 1007 in
1147 911 1317 1032 prasenti
1342 919 1516 1006 instituto
1539 947 1624 1005 raro
1650 923 1780 1006 locum
1803 925 1915 1008 inve·

512 1054 649 1144 niunt,
681 1052 720 1130 uc
739 1044 997 1138 srinveniunt,
1024 1038 1132 1123 facile
1153 1039 1224 1120 erit
1239 1061 1295 1118 ea
1320 1033 1588 1122 determinare.
1615 1036 1782 1124 Sufficiat
1801 1039 1918 1156 igitur

513 1161 661 1252 notasse
691 1166 789 1246 circa
824 1162 1031 1244 maximum
1059 1161 1099 1238 δι
1130 1155 1330 1237 minimum
1361 1156 1592 1238 mutationes
1626 1181 1916 1240 momentaneas

512 1311 595 1370 non
618 1283 700 1364 dari
724 1274 828 1391 posse
852 1275 988 1362 finitas.
1053 1269 1183 1378 Qrod
1201 1270 1227 1354 st
1243 1297 1337 1382 ergo
1358 1271 1397 1354 in
1421 1299 1536 1356 curva
1558 1298 1736 1356 amnoz
1766 1267 1916 1386 expres·

513 1401 569 1486 fio
583 1399 696 1508 sZd
707 1427 735 1478 x
770 1397 978 1479 maximum
1000 1393 1251 1474 minimumve
1268 1387 1410 1471 habeat
1431 1387 1623 1479 valoremt
1657 1417 1727 1500 pro
1742 1391 1813 1474 alia
1831 1417 1920 1474 cur.

514 1545 564 1600 va
588 1510 756 1621 ejusdem
780 1509 1022 1625 expressionis
1043 1508 1150 1588 valor
1174 1533 1227 1588 eo
1248 1507 1366 1616 magis
1393 1507 1603 1589 amaximo
1628 1507 1841 1596 minimove
1856 1535 1923 1592 re·

516 1635 652 1730 cedet,
685 1659 767 1742 quo
783 1631 905 1742 magis
927 1629 1005 1710 haec
1024 1623 1094 1706 alia
1112 1647 1228 1704 curra
1241 1620 1290 1704 ab
1305 1621 1365 1703 illa
1385 1613 1580 1732 discrepet.
1615 1620 1680 1708 Sin
1699 1649 1828 1710 aurem
1846 1624 1918 1707 alia

516 1775 636 1834 curva·
651 1745 797 1831 infinite
819 1773 950 1857 parum
976 1739 1123 1822 differat
1140 1738 1189 1822 ab
1208 1739 1268 1822 isla
1291 1733 1552 1837 satisfaciente,
1573 1765 1685 1838 tum,
1717 1769 1788 1850 pro
1817 1765 1920 1824 utra·

517 1894 621 1979 que,
654 1862 818 1947 sormula
835 1861 977 1970 szdx
1009 1855 1175 1940 eundem
1202 1854 1399 1940 obtinebit
1432 1855 1616 1941 valorem.
1678 1851 1922 1966 Huiusmodi

517 2006 646 2066 autem
675 2007 830 2062 curvam
858 1978 1016 2060 minime
1039 1968 1315 2084 discrepantem
1332 1971 1613 2084 concipiemus,
1636 1971 1660 2057 fi
1682 2001 1812 2060 arcum
1832 1997 1918 2058 tan·

517 2123 599 2183 tum
619 2093 767 2180 infinite
795 2121 955 2206 parvum
988 2119 1098 2180 mno
1122 2087 1270 2174 infinite
1294 2114 1426 2200 parum
1447 2092 1608 2188 variari,
1647 2087 1803 2205 ejusque
1828 2091 1920 2176 loco

484 2273 492 2292 ,
516 2241 646 2298 arcum
673 2238 778 2296 mro
800 2204 972 2294 substitui
989 2233 1190 2320 ponamus.
1254 2201 1528 2312 Quamobrem
1549 2235 1598 2290 ex
1618 2234 1732 2290 curva
1752 2233 1827 2306 az,
1848 2235 1925 2319 pro

517 2357 595 2443 qua
614 2327 758 2438 szdx
777 2328 985 2410 maximum
1012 2325 1064 2408 est
1078 2323 1143 2407 vel
1167 2323 1392 2420 minimum,
1424 2324 1645 2432 portionem
1668 2321 1817 2409 infinite
1834 2351 1921 2436 par-

517 2473 608 2528 vam
630 2472 741 2528 mno
768 2435 958 2541 exscindi,
992 2434 1147 2552 ejusque
1169 2440 1262 2526 loco
1282 2439 1394 2522 aliam
1422 2465 1523 2523 mro
1549 2441 1698 2524 infinite
1711 2469 1844 2552 parum
1869 2441 1927 2526 ab·
2024 2529 2028 2537 ,

519 2563 583 2646 ilia
605 2555 878 2672 discrepantem
903 2550 1012 2643 inseri
1038 2556 1294 2670 intelligamus
1314 2589 1324 2647 t
1355 2577 1435 2638 tum
1459 2557 1570 2641 valor
1607 2555 1778 2642 sormulte
1785 2557 1828 2668 s
1826 2559 1929 2652 zdre

519 2679 591 2789 qui
608 2677 795 2761 convenit
819 2701 944 2759 curvae
968 2699 1075 2757 amn
1090 2701 1149 2758 oz
1176 2673 1329 2790 aqualis
1359 2673 1432 2758 erit
1463 2673 1614 2776 valoti,
1642 2675 1717 2790 qui
1735 2675 1924 2760 convenit

521 2819 845 2890 curvatamroz,
904 2789 1038 2905 ΜΞ.
1071 2787 1127 2878 D.

989 2997 1442 3094 conotus.

583 3255 649 3328 59·
682 3217 892 3332 Qtonirm
911 3221 1078 3306 mutuno
1103 3217 1225 3304 debet
1250 3221 1348 3332 poni
1377 3217 1683 3333 quamminimat
1716 3247 1801 3306 non
1826 3213 1928 3306 fitffi·

519 3341 598 3424 ciet
622 3365 750 3422 arcum
778 3365 856 3420 mn
873 3363 926 3436 0,
958 3339 1026 3446 qui
1048 3336 1243 3418 immutari
1266 3339 1447 3448 ponitur,
1471 3337 1645 3448 accipere
1667 3335 1821 3423 infinite
1838 3363 1926 3450 pan·

519 3484 639 3554 vum,
672 3447 874 3538 sedetiam
900 3451 1075 3537 deviatio
1104 3479 1180 3552 nr,
1212 3479 1408 3568 praearcus
1431 3453 1675 3568 longitudine
1698 3453 1925 3558 mno,de·

521 3573 591 3659 bet
612 3565 686 3658 esse
710 3567 857 3655 infinite
881 3595 1016 3685 parva.
1081 3665 1086 3671 ¹

985 3777 1472 3873 Conotnib

582 4021 652 4090 60.
683 3997 811 4088 Pofita
831 3998 945 4115 igitur
957 3997 1025 4084 tali
1050 3999 1265 4085 mutatione
1285 3999 1325 4082 in
1343 4027 1482 4099 curva,
1515 3999 1679 4086 mutatio
1699 3997 1791 4086 inde
1808 3999 1929 4086 etiam

523 4117 564 4202 in
589 4119 724 4206 valore
756 4115 929 4202 formulae
940 4115 1080 4228 szdx
1110 4117 1276 4208 orieturr
1315 4145 1400 4232 quae
1432 4141 1561 4203 autem
1596 4147 1665 4230 per
1687 4118 1929 4203 demonstra-

520 4237 674 4319 tionem
694 4235 764 4320 erit
787 4231 1027 4322 evanescens.
1058 4227 1197 4347 Atque
1211 4233 1289 4319 hoc
1305 4235 1429 4320 modo
1438 4264 1486 4320 en
1496 4235 1563 4318 tali
1574 4232 1730 4320 assumta
1740 4237 1928 4320 mutatio·

520 4367 574 4554 pe
598 4353 743 4444 orietur
768 4350 971 4465 aquatio,
1001 4379 1086 4468 qua
1109 4349 1217 4438 simul
1244 4351 1751 4471 turvae,quaefitae‚mtruam
1781 4353 1932 4466 praebe·

549 4489 599 4556 m

1731 4689 1922 4770 SCHQ
