4284 5600
391 477 472 556 or
496 479 791 558 neruoso
820 482 955 560 mett.
987 485 1061 558 rr
1086 483 1215 561 meu.
1245 469 1554 592 uetrrtra.
1622 494 1699 586 ¹71

775 796 1107 896 CAPUT
1193 799 1252 892 V.

299 1011 593 1136 Methodam
644 1026 766 1130 inter
807 1060 959 1132 omnes
1002 1063 1183 1136 curvas
1212 1021 1381 1132 eadem
1424 1021 1699 1164 proprietate

301 1221 305 1232 ,
365 1174 613 1318 proditas,
635 1177 903 1286 inveniendi
928 1215 1057 1298 tam,
1096 1217 1193 1336 que
1220 1175 1422 1286 maximi
1453 1171 1698 1282 minimive

362 1331 645 1476 proprietate
652 1328 878 1482 gaudeat.

742 1570 1238 1670 Dssrrttrro

1563 1768 1572 1803 i

295 1852 336 1903 n.
366 1819 677 2029 PRoprietis
704 1829 920 1914 communis
949 1833 1004 1918 est
1025 1831 1203 1920 Formuln
1220 1829 1411 1946 integralis
1424 1821 1521 1927 ,seu
1546 1814 1693 1936 expres·

123 1953 127 1960 '
491 1943 545 2026 sro
573 1942 798 2043 indefinite,
829 1973 914 2059 quae
938 1951 977 2033 in
999 1977 1136 2035 omnes
1167 1977 1302 2035 curvas
1330 1977 1378 2035 ex
1402 1947 1541 2060 quibus
1561 1937 1694 2056 qltaefie

288 2078 374 2143 tam
395 2057 639 2146 determinari
660 2085 849 2176 oportet,
876 2063 1070 2178 aequnliter
1103 2068 1303 2178 competit.

667 2263 1370 2358 sonoriores(

353 2515 395 2577 2.
422 2481 626 2580 Haoenus
647 2488 891 2583 Methodum
926 2499 1183 2586 maximorum
1217 2521 1264 2582 ac
1299 2489 1544 2580 minimorum
1575 2486 1693 2574 tradi·

284 2598 419 2696 dimo
434 2604 672 2702 absolutam,
695 2615 734 2696 in
759 2641 836 2727 qua
855 2641 1070 2728 perpetuo,
1094 2620 1194 2700 inter
1217 2641 1355 2700 omnes
1382 2609 1693 2695 omninocurvts

284 2724 421 2810 eidem
447 2723 605 2834 abscisse
636 2724 932 2842 respondentes,
956 2761 1031 2820 una
1057 2735 1198 2846 requiri
1221 2728 1392 2829 solebat,
1425 2753 1512 2840 quer
1536 2724 1692 2810 maximi

287 2843 491 2928 *minimive
525 2847 733 2955 cujuspiam
760 2853 995 2959 proprietate
1025 2851 1223 2962 gauderet.
1283 2846 1405 2932 Nunc
1442 2867 1570 2928 autem
1600 2869 1692 2950 pto·

289 2957 484 3068 gredimur
499 2961 550 3042 ad
568 2955 1050 3053 Methodum'relativam,
1074 2965 1114 3045 in
1134 2989 1212 3070 qua
1232 2987 1345 3044 unum
1364 2961 1505 3040 lineam
1522 2957 1690 3038 ‘maximi

290 3070 494 3166 minimive
520 3077 754 3182 proprietate
773 3079 974 3190 praediram
994 3079 1249 3163 determinare
1277 3072 1527 3163 docebimus,
1551 3096 1690 3155 nonex
1788 3119 1793 3128 ·

282 3187 474 3299 'omnibus
509 3191 672 3272 omnino
697 3192 808 3298 lineis
840 3195 969 3280 eidem
999 3189 1157 3286 abscissae
1183 3187 1526 3304 respondentibus,
1553 3211 1689 3273 verum

282 3332 338 3390 -ex
361 3306 457 3404 illis,
483 3307 825 3398 innumerabilibus
843 3311 1027 3425 quidem,
1049 3311 1160 3395 lineis
1197 3311 1321 3393 curvis
1349 3301 1498 3390 tannim
1517 3365 1529 3405 ,
1549 3305 1689 3416 quibus

285 3423 551 3534 unaqueedam
570 3429 782 3537 proprietas
794 3429 987 3542 proposse
1004 3423 1175 3542 pluresve
1189 3425 1258 3511 stnt
1272 3451 1507 3510 communes.
1536 3417 1601 3508 Ac
1613 3422 1686 3530 pri·
1780 3429 1782 3436 ’

280 3567 357 3624 ·mo
377 3541 559 3654 quidem,
586 3545 715 3630 iohoc
742 3541 915 3657 Capite,
941 3545 1235 3631 innumerabiles
1256 3569 1388 3628 curvas
1408 3540 1536 3625 eidem
1554 3531 1688 3624 abscis-

282 3649 334 3740 [κ
357 3659 627 3770 respondentes
650 3663 1025 3775 contemplabimur,
1053 3692 1137 3778 quer
1157 3689 1271 3745 unam
1299 3659 1491 3766 quondum
1514 3655 1685 3766 proprie·

287 3791 407 3856 tatem
433 3775 602 3862 habeant
631 3775 900 3874 commonetur
932 3785 985 3866 'ex
1006 3782 1144 3895 hisque
1171 3806 1284 3862 unum
1307 3778 1446 3859 bnenm
1484 3771 1686 3882 investige-

288 3886 437 3985 bimus,
464 3895 501 3973 in
520 3922 597 4004 qua
618 3898 801 4006 expreffio
827 3927 1065 4012 quotcunque
1091 3893 1289 3980 indefinite
1331 3893 1538 3974 maximum
1554 3887 1686 3968 mini·

287 4029 445 4088 mumve
468 4009 645 4092 obtineat
669 4017 852 4116 valorem.
914 4013 1013 4112 Hoc
1036 4018 1074 4096 in
1089 4039 1230 4124 genere
1252 4010 1420 4120 inprimis
1442 4003 1592 4089 celebre
1631 4001 1685 4089 est
1837 4079 1841 4086 .

286 4117 473 4205 Problcma
492 4125 828 4232 ssoperimetricum,
848 4132 960 4213 initio
980 4133 1092 4234 hujus
1115 4119 1235 4210 soeculi
1253 4125 1407 4236 publice
1420 4119 1657 4235 propofitum
1667 4177 1681 4218 ,

285 4239 326 4322 in
351 4268 462 4350 quo,
488 4242 586 4324 inter
606 4271 742 4330 omnes
775 4273 906 4330 curvas
929 4242 1098 4354 ejusdem
1121 4241 1372 4356 longitudinis
1404 4269 1488 4356 quae
1522 4235 1683 4352 quidem

285 4357 415 4440 eidem
434 4353 591 4461 abscisse
612 4354 890 4469 respondeant,
916 4391 1000 4448 eam
1025 4359 1174 4446 definiri
1196 4357 1536 4474 oportebat,.quae
1557 4353 1679 4438 eonti-

286 4499 393 4556 neret
415 4473 569 4560 maximi
606 4481 805 4566 minimive
831 4481 1038 4590 cujuspiam
1064 4477 1350 4590 proprietatem.
1426 4465 1680 4560 Postmodum

287 4611 415 4675 aurem
439 4597 520 4682 boec
541 4593 720 4707 Quaestio
751 4599 790 4682 in
812 4599 938 4685 latiori
958 4590 1088 4800 sensoY
1084 4597 1138 4678 est
1165 4617 1322 4708 accepta
1334 4651 1349 4695 ,
1378 4615 1419 4679 ιιι
1440 4591 1508 4674 ista
1553 4585 1681 4722 deret·

1150 4740 1173 4804 2
1559 4727 1684 4799 mina«,
