4444 5618
341 403 682 512 annutans
710 389 1128 488 tutatuta-runai
1155 409 1508 484 marsicana.
1580 413 1638 513 up
1777 474 1780 480 .
1831 439 1834 446 ·

227 575 355 670 ,atque
381 554 433 637 ita
459 581 575 664 porro
596 581 833 667 quaecunque
858 553 1023 639 formula
1041 551 1183 638 debeat
1202 554 1243 636 in
1265 581 1380 642 ,curva
1403 553 1640 667 quaesrtaeise

237 676 404 756 maxima
431 671 496 754 vel
519 672 699 770 minima,
734 698 779 753 ea
802 665 946 781 semper
967 671 1039 757 erit
1063 669 1175 777 hujus
1196 667 1327 755 formae
1335 671 1379 778 s
1381 671 1420 754 Z
1431 675 1513 770 dx,
1540 667 1638 756 scili·
1782 733 1783 738 Ν

236 815 299 880 cet
331 791 516 900 integrale
546 789 766 900 quantitatis
794 786 909 870 finitae
938 779 1136 892 eujusdam
1166 787 1206 872 Z
1229 789 1269 870 in
1296 787 1546 896 differentiale
1558 791 1637 881 ,dx

170 925 176 944 “
235 905 371 992 duuae.
424 897 569 992 Debet
590 930 718 991 autem
746 898 996 1011 Zejusmodi
1017 899 1090 990 effe
1112 897 1325 1018 quantitas,
1346 927 1389 990 ut
1420 886 1638 1018 fi-aequ'atio
1740 939 1745 952 ·

233 1022 587 1112 statuaturintera
616 1029 654 1105 &
672 1051 725 1129 y,
756 1023 940 1135 integrale
958 1021 1000 1129 s
996 1019 1034 1104 Z
1044 1024 1105 1103 dx
1132 1020 1427 1108 determinatum
1458 1019 1638 1108 obtineat

234 1143 435 1228 valorem:
459 1166 515 1224 ,ex
536 1167 617 1251 quo
645 1137 772 1226 Zerit
793 1137 936 1244 functio
955 1139 1210 1252 quantitatum
1233 1167 1285 1233 x,
1302 1143 1415 1250 y,·&
1439 1137 1530 1224 inde
1542 1167 1637 1252 pen·

235 1255 411 1344 dentium
429 1279 480 1368 p,
505 1286 554 1368 q,
577 1285 619 1352 r,
645 1263 721 1340 &e
739 1243 804 1340 vei
821 1249 1038 1368 aigebtaica¹
1059 1254 1136 1340 five
1156 1255 1438 1370 determinata,
1465 1257 1531 1342 vel
1545 1255 1634 1368 praa·

224 1395 344 1458 ¹terea
354 1364 437 1484 ipsa
455 1374 494 1456 in
518 1367 556 1456 se
578 1369 852 1484 complectetur
868 1371 1050 1456 formulas
1075 1357 1279 1486 integrales
1301 1371 1610 1457 indeterminatas
1619 1403 1633 1461 t

233 1488 348 1602 quod
371 1483 568 1580 discrimen
589 1487 719 1601 probe
751 1490 804 1574 est
834 1488 1055 1576 tenendum.
1114 1483 1175 1574 ita
1199 1488 1224 1572 fi
1245 1491 1402 1574 maximi
1428 1491 1637 1574 minimive

231 1603 402 1698 formula
421 1602 609 1691 quetit
614 1607 672 1718 sy
685 1608 768 1707 dx,
795 1601 1274 1717 velsydxel(1÷pp)3
1308 1607 1500 1716 quantitas
1519 1603 1637 1710 Zerit

88 1725 92 1731 ’
221 1720 476 1836 ,algebraica,
501 1745 540 1806 at
553 1720 586 1806 st
613 1721 655 1806 fit
674 1719 742 1806 W
741 1719 1110 1836 :syxdxsydx,
1146 1744 1228 1806 tum
1252 1723 1323 1807 etit
1352 1721 1635 1835 Zzyxsydx,

230 1840 316 1924 hoc
337 1837 392 1926 est
416 1831 493 1949 ipsa
512 1840 702 1949 quantitas
726 1833 763 1922 Z
791 1842 863 1926 erit
883 1837 1199 1936 indeterminata,
1231 1840 1337 1944 cujus
1359 1839 1469 1922 valor
1482 1839 1554 1921 nisr
1575 1867 1636 1926 re·
1728 1883 1730 1888 .

221 1955 333 2039 ..latio
358 1952 458 2038 inter
476 1981 504 2038 x
525 1957 564 2036 &
577 1986 602 2062 p
624 1954 758 2051 detur,
785 1954 960 2040 ,exhiberi
988 1955 1135 2066 nequit.
1199 1951 1449 2062 Quinetiam
1480 1957 1643 2040 eveniro

227 2071 391 2186 potest,
424 2093 465 2154 ut
497 2067 604 2152 valor
637 2069 749 2184 ipsius
768 2067 815 2156 Z
848 2063 1064 2176 hujusmodi
1092 2067 1255 2154 formula
1292 2071 1452 2154 evoluta
1473 2071 1637 2182 exprimi

151 2241 156 2246 -
228 2210 429 2300 nequeat,
452 2181 515 2272 sed
539 2209 686 2296 tantum
701 2213 770 2296 per
786 2187 1041 2298 aequationem
1066 2181 1355 2274 differentiaiem
1383 2184 1539 2274 demum
1554 2188 1636 2273 erui

215 2303 405 2402 debeat,
431 2301 533 2385 utfi
561 2301 674 2389 fuerit
698 2299 776 2384 ΑΖ
788 2300 1206 2414 εμκ-ι-,ΖΖιίκς
1234 2330 1288 2386 ex
1323 2329 1399 2414 qua
1418 2305 1636 2416 aequatione

227 2422 349 2508 valor
371 2417 481 2528 ipsius
508 2417 546 2502 Z
566 2447 633 2532 per
648 2447 676 2496 x
700 2423 740 2501 δε
763 2451 787 2532 y
810 2415 1022 2532 nequidem
1049 2417 1220 2508 exhiberi
1239 2419 1380 2530 potest.
1420 2415 1532 2508 Hinc
1564 2423 1634 2534 igi-

227 2561 298 2634 tur
319 2538 391 2620 tria
407 2529 612 2622 wnascuntur
634 2561 774 2648 genera
793 2533 1041 2634 formularum
1056 2531 1132 2635 [Ζ
1141 2529 1377 2654 dx‚quaaiu
1396 2539 1519 2622 curvis
1534 2567 1635 2651 quu-

222 2653 313 2762 fitis
331 2655 494 2742 maxima
512 2653 576 2739 vel
593 2653 751 2736 minima
767 2651 849 2742 fieri
871 2652 1026 2744 debent.
1054 2647 1239 2764 Quorum
1258 2655 1424 2764 primum
1446 2681 1509 2740 eas
1528 2683 1647 2756 com-¹

226 2771 409 2883 plenitur
429 2765 635 2870 formulas,
662 2771 708 2860 ¹iu
739 2771 878 2882 quibus
903 2767 1013 2860 Z.cst
1033 2765 1179 2854 functio
1192 2763 1487 2882 algebraicaseu
1506 2771 1636 2857 deter-

226 2889 378 2984 minata
399 2881 558 2996 ipsarum
585 2888 632 2985 x',
649 2917 698 2995 y,
723 2891 825 2997 &p,
849 2919 896 2998 q,
920 2917 970 2974 r,
991 2887 1062 2968 &e
1084 2879 1156 2968 Ad
1179 2880 1383 2974 secundum
1402 2886 1633 3000 genustefe-

224 3004 352 3086 rimus
376 3030 439 3086 eas
470 3001 682 3098 formulas,
713 3004 754 3084 iu
778 2999 918 3114 quibus
940 3002 1130 3115 quantitas
1154 2996 1200 3090 Z
1218 2996 1463 3112 ipsainsupet
1489 3000 1636 3086 formu·
1752 3042 1757 3050 ’

225 3119 290 3216 las
311 3118 511 3229 integrales
530 3117 710 3210 involvit.
769 3113 816 3198 'ln
832 3119 952 3208 tertio
984 3139 1115 3204 autem
1144 3144 1284 3228 genere
1308 3119 1552 3204 continentur
1574 3110 1648 3210 ‚eae¹

218 3233 433 3331 formulas,
457 3236 505 3316 ‘in
528 3233 668 3346 quibus
691 3231 804 3316 valor
818 3231 929 3344 ipsius
958 3231 997 3312 Ζ
1024 3226 1380 3350 peraequationem
1402 3232 1634 3326 differentia·

225 3353 312 3448 iem
333 3347 447 3460 eujus
469 3349 672 3464 integratio
691 3377 771 3434 non
796 3346 951 3434 constat
972 3347 1256 3435 determinatur.
1588 3350 1591 3359 “

464 3559 963 3674 amorosii-1011.
1017 3559 1408 3654 Tusonsma,

298 3793 365 3888 38.
397 3775 437 3862 Si
441 3781 681 3890 fratritamz
704 3808 848 3870 curva,
876 3789 916 3863 in
941 3811 1013 3892 qua
1035 3783 1311 3889 valarfhrmulae
1340 3775 1479 3870 [de
1494 3778 1633 3890 sitm·
1684 3886 1687 3896 1

227 3904 357 3983 ximus
373 3901 439 3976 vel
456 3906 645 3988 minimus,
674 3921 783 4010 atque
803 3893 842 3982 Z
860 3897 913 4004 stt
930 3901 1075 4008 fhnaiia
1110 3897 1308 4006 aiqebrai‘ca
1325 3900 1395 4003 seu
1422 3893 1633 3986 determina-

227 4035 278 4099 ta
303 4012 456 4122 ipstrrum
493 4044 541 4101 x,
565 4043 614 4125 y,
636 4044 682 4128 p,
707 4011 766 4128 q,
801 4042 857 4112 r„
880 4019 954 4098 ἃς.
991 4039 1071 4104 tum
1093 4017 1241 4128 ejusdam
1274 4045 1391 4098 curva
1423 4011 1637 4130 quacunque

221 4126 352 4243 partio
373 4157 450 4213 mn
469 4131 589 4210 eadem
595 4127 767 4245 gaudebit
775 4141 1041 4242 prerogativae,
1067 4157 1180 4242 utapro
1193 4159 1235 4212 ea
1260 4134 1314 4213 ad
1331 4132 1441 4250 fitam
1458 4132 1639 4242 abscrffam-
1712 4229 1715 4234 ¹

232 4241 349 4332 MN
381 4249 519 4341 relata,
558 4251 662 4329 valor
689 4247 791 4359 ipstus
811 4240 843 4359 *s
853 4243 892 4336 Z
906 4247 973 4336 dx
985 4247 1038 4358 Jit
1057 4258 1199 4362 pariter
1228 4257 1410 4334 maximus
1428 4253 1503 4361 *vel
1532 4263 1657 4337 mini·

233 4389 329 4449 mur.
822 4407 824 4412 ·
1149 4397 1151 4400 ·

179 4795 185 4806 υ
295 4659 406 4747 mar
434 4655 497 4746 De
516 4652 636 4746 Max.
656 4657 706 4757 ἀ
728 4651 838 4751 Maia.
1127 4655 1177 4748 ‘C
1542 4651 1601 4742 θ
1616 4677 1660 4744 u·
