4444 5618
278 357 281 364 “
342 375 418 450 ao
451 371 684 450 cuauat
712 376 1142 453 turamamoat
1168 331 1521 454 aptarem.
1599 396 1657 475 27

254 513 428 602 valotem
462 515 636 606 formulae
653 517 806 626 sde
832 521 972 606 haheat
998 523 1204 606 maximum
1235 522 1512 610 minimumvea
1541 541 1656 616 tum,

162 628 166 642 ’
250 633 372 748 posita
391 628 542 718 absciisa
566 664 795 751 quacunque
817 639 1016 724 indefinita
1048 635 1159 727 AM
1172 667 1303 737 εκ,
1335 635 1576 722 efficiendum
1599 635 1658 718 est

250 775 295 836 ut
313 752 394 838 hac
411 753 594 864 expressio
603 755 647 863 s
650 752 688 838 Z
699 754 863 850 ΜΖ
874 759 925 838 dx
940 772 988 854 -Ι-
1002 755 1049 839 Z'
1065 760 1117 839 dx
1129 755 1246 854 ÷2“
1258 749 1653 854 duilium-&u

248 861 430 984 usquein
458 865 498 958 Z
519 869 586 960 fiat
613 872 778 960 maxima
801 875 866 958 vel
890 876 1060 960 minima.
1293 913 1300 922 ·

681 1095 1200 1168 scuuatou

309 1313 378 1392 57.
416 1279 658 1398 Quanquam
673 1286 758 1370 ¹haec
773 1284 995 1398 hypothesis
1014 1310 1163 1373 tantum
1183 1314 1254 1398 pto
1274 1282 1434 1370 arbitrio
1455 1283 1509 1370 eii
1532 1279 1651 1374 fatiat

244 1421 380 1486 tamen
406 1403 474 1490 ista
516 1401 618 1516 signa
641 1404 844 1487 maximam
884 1403 1041 1488 afferent
1087 1407 1290 1488 utilitatem
1303 1403 1356 1486 ,ad
1372 1399 1653 1498 Problemata,

247 1545 336 1718 puae
366 1519 417 1602 ad
445 1520 543 1602 hanc
570 1519 800 1606 methodum
820 1523 1073 1606 maximorum
1101 1528 1141 1604 δι
1168 1522 1413 1604 minimorum
1435 1521 1653 1632 pertinent,
1795 1562 1805 1584 x

266 1637 434 1720 uccinue
446 1630 685 1720 resolvenda.
744 1633 953 1722 Plurimum
971 1641 1073 1723 enim
1099 1640 1202 1722 valet
1229 1639 1267 1720 in
1296 1631 1518 1744 hujusmodi
1532 1661 1653 1745 nego-

239 1752 313 1836 tiis
336 1753 544 1836 commoda
562 1752 750 1866 fignorum
774 1755 939 1852 eledio,
971 1751 1124 1867 ejusque
1144 1784 1221 1865 ope
1236 1757 1410 1838 ealcuius
1427 1779 1508 1838 non
1531 1745 1653 1834 solum

243 1867 457 1966 contrahi,
487 1863 553 1954 sed
586 1873 701 1952 etiam
729 1872 851 1953 multo
879 1871 1090 1955 facilior&
1123 1872 1340 1982 expeditior
1379 1869 1490 1954 reddi
1514 1867 1652 1983 potest.

242 1977 590 2069 Praestabitautem
611 1988 679 2068 iste
701 1983 869 2097 signandi
889 1987 1028 2070 modus
1065 1989 1181 2098 longe
1210 1990 1326 2073 ,alteri
1360 2011 1540 2098 recepto,
1572 2009 1654 2095 quo

246 2127 318 2213 per
336 2099 598 2211 differentialia
613 2101 1015 2189 valoresfundiionum
1036 2105 1274 2186 variabilium
1302 2106 1476 2215 proxime
1494 2095 1654 2212 sequen-

241 2241 310 2302 tes
341 2219 501 2328 exprimi
525 2213 673 2308 solenes
707 2247 760 2302 eo
783 2216 894 2331 qdod
915 2220 956 2301 in
978 2214 1053 2330 ipsa
1086 2219 1303 2304 tesolvendi
1340 2216 1529 2300 methodo
1556 2213 1653 2298 'aliut

247 2335 402 2448 generis
433 2332 695 2420 differentiaiia
710 2361 949 2434 occurrent,
979 2357 1066 2448 'quae
1098 2363 1184 2418 cum
1211 2333 1443 2420 naturalibus
1465 2332 1651 2446 quantita-

249 2451 600 2536 tumvariabilium
629 2449 941 2537 differentiaiibus
955 2449 1064 2537 facile
1091 2451 1278 2537 confundi
1305 2448 1476 2564 possent,
1507 2447 1589 2545 nifi,
1607 2440 1653 2528 is-

241 2589 302 2770 ,El
301 2563 456 2652 assumta
497 2566 665 2681 signandi
692 2567 884 2656 methodo
902 2603 927 2653 0
951 2571 1135 2672 naturalia
1162 2568 1431 2656 differentialia
1446 2566 1655 2653 notatione

303 2708 382 2772 tem
407 2683 641 2774 tollerentur·
1385 2733 1389 2742 ·

494 2895 1409 2989 Pa0a0s1r101V.Tnaoaaaa

318 3124 386 3217 58.
418 3120 455 3194 aa·
475 3137 545 3196 am
557 3139 619 3194 no
630 3139 652 3195 z
665 3113 787 3220 facerit
818 3143 935 3194 curva
959 3114 1013 3193 ad
1037 3109 1216 3220 absciffiam
1242 3117 1366 3194 datam
1383 3105 1428 3196 Α
1442 3105 1481 3194 Ζ
1506 3109 1653 3200 relata,
1689 3160 1753 3239 aug.
1768 3173 1801 3238 3·

251 3239 295 3315 in
319 3257 392 3342 qua
403 3228 569 3337 formula
589 3223 609 3308 s
610 3225 721 3313 de
740 3239 941 3312 maximum
961 3235 1199 3322 mmimumva
1221 3227 1376 3312 obtineat
1398 3232 1581 3318 valorem
1598 3249 1654 3308 ut·

253 3377 321 3459 que
350 3347 426 3427 alia
452 3354 668 3454 concipiatur
693 3376 810 3428 curva
843 3371 1011 3429 amvoz
1045 3343 1091 3426 ab
1120 3351 1188 3454 asta,
1218 3351 1354 3456 itfinite
1369 3370 1504 3456 parum
1528 3349 1568 3426 di
1581 3374 1654 3429 cre·

241 3487 365 3576 pam,
396 3486 477 3546 tum
501 3465 607 3544 valor
617 3465 782 3573 formula
804 3457 944 3549 ⁴sde
952 3487 1022 3576 pro
1043 3485 1196 3576 utraque
1217 3491 1333 3547 curva
1352 3473 1422 3548 erit
1443 3465 1547 3546 idem.

609 3723 1327 3798 DEMoNsruArlo

315 3921 497 4033 Qtando
520 3923 560 4008 in
583 3919 932 4036 Anam-formula
962 3925 1149 4039 quaepiam
1172 3924 1363 4031 ¹variabilis
1393 3920 1438 4011 fit
1461 3923 1659 4026 max-imag

251 4065 339 4127 tum
370 4041 495 4154 primo
520 4035 722 4124 crescendo
750 4047 936 4128 continuo
957 4044 1075 4155 magis
1097 4041 1147 4127 ad
1169 4043 1379 4126 maximum
1408 4045 1658 4130 vaiotemac-

252 4159 388 4256 -cedit,
414 4155 561 4242 deinde
579 4186 674 4240 vero
693 4183 781 4242 cum
799 4161 899 4244 hunc
920 4161 1074 4270 attigit,
1105 4161 1244 4244 iterum
1264 4151 1519 4245 decrescendo
1540 4160 1658 4246 abeo

252 4275 416 4364 accedit.
476 4269 549 4360 Iste
562 4298 699 4359 autem
718 4275 877 4362 acceffus
895 4274 946 4360 ad
962 4275 1170 4362 maximum
1197 4279 1368 4365 vaiorem
1390 4269 1511 4391 atque
1539 4269 1660 4361 tecei·

218 4482 222 4491 ,
258 4387 318 4477 sus
342 4392 391 4475 ab
424 4393 565 4478 eodem
588 4393 642 4476 ita
669 4387 739 4490 fit,
771 4418 815 4476 ut
837 4392 931 4478 dum
957 4393 1149 4508 quantitas
1171 4399 1345 4506 proxime
1367 4394 1417 4480 ad
1453 4393 1663 4476 maximum
1754 4439 1757 4445 ·

259 4509 430 4599 odotem
450 4503 731 4614 uersatur21um
743 4513 824 4624 ejus
846 4511 1081 4714 incremeng
1108 4535 1153 4593 ac
1177 4512 1421 4626 decrementa
1447 4525 1665 4590 momenta-

941 4657 946 4662 ·
1140 4649 1162 4705 a
1593 4645 1671 4708 utu
