4284 5600
426 488 601 558 arnt.
663 477 981 576 mentm
1042 477 1497 559 nutarem.
1617 497 1702 582 2357

292 623 462 714 blemara
484 685 496 724 ,
528 628 567 709 in
592 623 757 736 quihus,
784 626 885 710 inter
905 650 1042 710 omnes
1061 651 1195 709 curras
1212 627 1255 711 in
1284 622 1527 738 quasplures
1547 621 1700 707 duabus

293 769 411 858 arque
431 741 534 826 adeo
565 767 818 856 quotcunque
847 743 1100 864 proprietates
1129 743 1329 856 equaliter
1356 743 1623 839 conueniant,
1656 769 1725 846 ea⁸

292 861 494 976 requiritur
534 887 619 974 qua·
643 859 799 944 marnmi
816 859 1015 944 minimive
1038 855 1229 969 cujusdam
1251 861 1485 976 proprietate
1521 856 1698 972 gaudeat.

741 1069 1244 1212 ¹cortonulV.
1362 1151 1364 1158 ,
1456 1043 1460 1050 ’

361 1271 435 1392 ἐφ,
459 1287 591 1401 Quod
613 1287 639 1374 li
662 1289 763 1376 enim
785 1291 802 1387 ,'
831 1291 930 1373 inter
961 1315 1097 1372 omnes
1138 1315 1273 1374 curvat
1313 1289 1353 1371 in
1380 1289 1522 1402 quibus
1552 1283 1724 1402 exprel·

299 1409 421 1496 liones
452 1413 519 1502 A,
553 1407 618 1506 B,
651 1407 714 1506 C,
745 1407 790 1490 D
820 1402 981 1522 aquales
994 1400 1201 1490 obtineant
1218 1407 1394 1504 valores,
1421 1421 1468 1489 ea'
1480 1408 1622 1492 debeat
1643 1409 1704 1490 in-.
1794 1459 1799 1468 -

297 1527 470 1636 vestigari
511 1529 549 1607 in
589 1552 665 1636 qua
691 1523 739 1610 ¹fit
769 1521 1009 1634 exprelsroE
1034 1525 1247 1608 maximum
1277 1523 1340 1606 uel
1371 1524 1592 1613 minimum,
1619 1546 1702 1607 tum

295 1641 451 1752 quaefiro
473 1635 650 1738 satisfiet,
682 1637 827 1724 fiintet
857 1667 993 1724 ornnes
1016 1642 1179 1722 omnino
1209 1667 1341 1722 cttrvas
1372 1667 1416 1722 ea
1448 1665 1633 1753 quaretur
1662 1641 1703 1724 in

296 1783 374 1868 qua
394 1757 436 1840 fit
460 1793 487 1840 a
501 1757 605 1854 A÷
625 1753 1000 1866 t135÷yc÷au
1014 1768 1063 1858 ÷
1080 1753 1148 1838 εΕ
1164 1757 1372 1841 martimum
1389 1757 1454 1840 vel
1478 1759 1700 1844 minimumr

298 1873 575 1959 denotintibus
598 1873 734 1988 litteris
760 1905 811 1962 a,
828 1873 869 1958 G,
885 1906 938 1972 y,
960 1871 1005 1961 dl,
1018 1909 1040 1969 ¹e
1062 1873 1294 1992 quantitates
1321 1869 1565 1989 quascunque
1594 1866 1702 1956 cons·

298 2012 422 2078 rantes
443 1995 482 2078 or
503 1989 729 2088 arbitrariae.

732 2201 1075 2294 CoRoLL
1135 2198 1193 2294 W

362 2453 428 2512 20.
462 2419 566 2532 Quo
588 2423 716 2536 plures
742 2419 858 2536 igitur
877 2441 1142 2534 proponantur
1168 2421 1446 2536 proprietates,
1462 2421 1606 2534 quaeiis
1621 2445 1703 2507 cur-

299 2542 385 2641 ris,
418 2567 467 2626 ex
489 2540 630 2656 quibus
649 2537 841 2654 quaesrtam
872 2538 1029 2624 maximi
1047 2537 1247 2626 minimive
1268 2537 1401 2623 indole
1427 2538 1624 2652 preditam
1648 2535 1703 2620 in·

300 2657 441 2770 dagare
462 2681 645 2770 oportet,
675 2667 901 2741 communes
922 2651 996 2740 else
1017 2653 1216 2746 debeanrr-
1245 2683 1295 2741 eo
1316 2657 1442 2767 plures
1462 2659 1500 2742 ln
1521 2657 1702 2768 aquatio-

299 2803 390 2860 nem
415 2801 488 2886 pro
518 2799 635 2859 curva
665 2771 926 2886 ingredientur
956 2775 1190 2884 quantitates
1217 2771 1433 2859 conflantes
1461 2775 1702 2862 arbitrantes
1797 2807 1798 2814 ¹

294 2913 417 3000 atque
442 2891 545 2980 adeo
568 2917 619 2977 eo
645 2889 770 3006 pluet
796 2915 921 2987 curva
950 2881 1219 2978 satisfacientes
1240 2891 1280 2978 in
1305 2916 1350 2980 ea
1376 2889 1704 3002 comprehenden-

300 3026 375 3090 tur.
403 3029 418 3098 ·,

705 3229 1215 3340 SCHOLION
1280 3228 1307 3297 l.

366 3445 432 3505 21.
465 3413 551 3504 Cur
572 3446 624 3504 eo
649 3421 791 3531 ¹plures
827 3421 1042 3506 constantes
1068 3418 1106 3503 in
1138 3417 1383 3508 solutionem
1421 3417 1707 3534 ingrediantur,

201 3599 206 3607 -
304 3565 386 3650 quo
405 3538 531 3648 plures
554 3563 818 3648 proponantur
837 3541 1089 3649 proprietates
1110 3562 1359 3636 communes,
1384 3563 1432 3621 ex
1455 3535 1703 3648 precedenti-

303 3655 376 3742 bus
399 3649 510 3740 facile
534 3655 665 3768 colligi
688 3655 824 3768 potest.
886 3651 1079 3740 Ponamus
1111 3656 1240 3756 eninr,
1271 3653 1370 3743 inter
1398 3679 1535 3739 omnes
1572 3681 1705 3739 curvas
1833 3748 1835 3752 ,

304 3771 441 3855 eadem
471 3773 703 3968 proprietate
725 3773 772 3854 Α
803 3773 1041 3886 gaudentes,
1073 3799 1159 3857 eam
1175 3769 1395 3884 investigati
1418 3795 1632 3880 oportere,
1665 3771 1725 3854 in

304 3913 381 3997 qua
408 3887 450 3970 fit
536 3891 744 3975 maximum
768 3889 834 3974 uel
854 3892 1080 3974 mittimumt
1112 3917 1156 3973 ac
1181 3891 1308 4000 primo
1332 3888 1494 4000 quidem
1517 3887 1707 3970 'constabit

304 4001 395 4084 huic
419 3999 637 4111 Qraestioni
658 4033 744 4091 eam
767 4034 921 4090 curvam
931 3991 1012 4093 'esse
1032 4003 1295 4090 uusuuunm
1316 4031 1434 4119 qua,
1459 4005 1556 4090 inter
1571 4030 1706 4088 omnes
1820 4029 1822 4034 ’

305 4118 468 4202 omnino
486 4117 648 4216 curu'as,
678 4121 817 4202 habeat
839 4122 876 4204 B
898 4125 1112 4208 maalmam
1134 4121 1198 4201 vel
1226 4121 1452 4210 minimum3
1486 4123 1568 4202 haec
1583 4122 1734 4233 euim„

305 4237 404 4320 inter
426 4261 564 4318 omnes
584 4261 743 4347 quoque
772 4238 856 4318 illas
874 4263 963 4350 quae
985 4233 1110 4320 seeum
1144 4234 1497 4320 eademeommuni
1529 4240 1701 4346 proprie-

305 4377 385 4439 tate
412 4352 451 4434 A
471 4351 720 4464 gaudebunt,
752 4353 911 4438 habebit
929 4352 970 4436 B
986 4353 1196 4457 martimum
1211 4355 1275 4436 vel
1292 4355 1509 4440 minimum.
1541 4349 1702 4436 Deinde

243 4479 246 4484 ’
305 4495 433 4555 aurern
459 4472 547 4555 lieet
575 4469 865 4559 innumerabilia
890 4465 1098 4558 istiusmodi
1126 4463 1328 4584 critarum
1353 4497 1491 4582 genera
1517 4471 1700 4578 concipi,

204 4604 209 4614 '
306 4611 393 4700 ΗΜ
424 4581 565 4710 fiqguii
587 4587 755 4686 eundem
778 4589 952 4686 valorem
974 4583 1284 4792 expregonisd
1300 4590 1519 4703 recipiente·
1545 4589 1584 4666 in
1613 4613 1702 4670 -uno

1084 4787 1088 4794 .
1143 4731 1174 4819 g
1212 4735 1233 4816 3
1543 4729 1705 4818 quoque
