<?xml version="1.0" encoding="UTF-8"?>
<!DOCTYPE html PUBLIC "-//W3C//DTD XHTML 1.0 Transitional//EN"
    "http://www.w3.org/TR/xhtml1/DTD/xhtml1-transitional.dtd">
<html xmlns="http://www.w3.org/1999/xhtml" xml:lang="en" lang="en">
 <head>
  <title>
</title>
<meta http-equiv="Content-Type" content="text/html;charset=utf-8" />
  <meta name='ocr-system' content='tesseract 3.04.00' />
  <meta name='ocr-capabilities' content='ocr_page ocr_carea ocr_par ocr_line ocrx_word'/>
</head>
<body>
  <div class='ocr_page' id='page_1' title='image "./methodusinvenie00eulegoog_0014.png"; bbox 0 0 4444 5618; ppageno 0'>
   <div class='ocr_carea' id='block_1_1' title="bbox 418 311 1704 438">
    <p class='ocr_par' dir='ltr' id='par_1_1' title="bbox 418 311 1704 438">
     <span class='ocr_line' id='line_1_1' title="bbox 418 311 1704 438; baseline -0.005 -35"><span class='ocrx_word' id='word_1_1' title='bbox 418 320 496 403; x_wconf 74' lang='lat' dir='ltr'><strong>‘An</strong></span> <span class='ocrx_word' id='word_1_2' title='bbox 529 319 755 401; x_wconf 68' lang='lat' dir='ltr'><strong>curras</strong></span> <span class='ocrx_word' id='word_1_3' title='bbox 797 317 1217 438; x_wconf 66' lang='lat' dir='ltr'><strong>serenianum</strong></span> <span class='ocrx_word' id='word_1_4' title='bbox 1245 321 1598 400; x_wconf 74' lang='lat' dir='ltr'><strong>Annalem,</strong></span> <span class='ocrx_word' id='word_1_5' title='bbox 1646 311 1704 418; x_wconf 76' lang='lat'><strong>&#39;7</strong></span> 
     </span>
    </p>
   </div>
   <div class='ocr_carea' id='block_1_2' title="bbox 236 467 1776 3515">
    <p class='ocr_par' dir='ltr' id='par_1_2' title="bbox 300 467 1761 710">
     <span class='ocr_line' id='line_1_2' title="bbox 300 467 1761 598; baseline -0.004 -31"><span class='ocrx_word' id='word_1_6' title='bbox 300 509 385 598; x_wconf 84' lang='lat' dir='ltr'><strong>quae</strong></span> <span class='ocrx_word' id='word_1_7' title='bbox 404 511 452 566; x_wconf 79' lang='lat' dir='ltr'><strong>ex</strong></span> <span class='ocrx_word' id='word_1_8' title='bbox 475 467 735 565; x_wconf 80' lang='lat' dir='ltr'><strong>constantibus</strong></span> <span class='ocrx_word' id='word_1_9' title='bbox 759 475 985 578; x_wconf 85' lang='lat' dir='ltr'><strong>arbitrariis,</strong></span> <span class='ocrx_word' id='word_1_10' title='bbox 1018 503 1113 592; x_wconf 86' lang='lat' dir='ltr'><strong>quas</strong></span> <span class='ocrx_word' id='word_1_11' title='bbox 1133 471 1276 562; x_wconf 88' lang='lat' dir='ltr'><strong>solutio</strong></span> <span class='ocrx_word' id='word_1_12' title='bbox 1295 475 1473 578; x_wconf 82' lang='lat' dir='ltr'><strong>inducit,</strong></span> <span class='ocrx_word' id='word_1_13' title='bbox 1504 472 1589 562; x_wconf 84' lang='lat' dir='ltr'><strong>sunt</strong></span> <span class='ocrx_word' id='word_1_14' title='bbox 1607 475 1715 564; x_wconf 74' lang='lat' dir='ltr'><strong>affl·-</strong></span> <span class='ocrx_word' id='word_1_15' title='bbox 1751 481 1761 506; x_wconf 72' lang='lat'>⁷</span> 
     </span>
     <span class='ocr_line' id='line_1_3' title="bbox 302 585 1709 710; baseline -0.004 -24"><span class='ocrx_word' id='word_1_16' title='bbox 302 597 464 688; x_wconf 80' lang='lat' dir='ltr'><strong>manda.</strong></span> <span class='ocrx_word' id='word_1_17' title='bbox 525 593 583 680; x_wconf 90' lang='lat' dir='ltr'><strong>lta</strong></span> <span class='ocrx_word' id='word_1_18' title='bbox 605 596 642 676; x_wconf 87' lang='lat' dir='ltr'><strong>in</strong></span> <span class='ocrx_word' id='word_1_19' title='bbox 663 588 854 678; x_wconf 89' lang='lat' dir='ltr'><strong>solutione</strong></span> <span class='ocrx_word' id='word_1_20' title='bbox 873 585 1155 710; x_wconf 85' lang='lat' dir='ltr'><strong>Problematis,</strong></span> <span class='ocrx_word' id='word_1_21' title='bbox 1181 621 1265 708; x_wconf 90' lang='lat' dir='ltr'><strong>quo</strong></span> <span class='ocrx_word' id='word_1_22' title='bbox 1283 622 1398 681; x_wconf 86' lang='lat' dir='ltr'><strong>curva</strong></span> <span class='ocrx_word' id='word_1_23' title='bbox 1422 598 1601 708; x_wconf 83' lang='lat' dir='ltr'><strong>quaritur</strong></span> <span class='ocrx_word' id='word_1_24' title='bbox 1618 623 1709 708; x_wconf 75' lang='lat' dir='ltr'><strong>quas</strong></span> 
     </span>
    </p>

    <p class='ocr_par' dir='ltr' id='par_1_3' title="bbox 254 705 1743 2450">
     <span class='ocr_line' id='line_1_4' title="bbox 254 705 1705 826; baseline -0.003 -23"><span class='ocrx_word' id='word_1_25' title='bbox 254 723 255 726; x_wconf 62' lang='lat'>‘</span> <span class='ocrx_word' id='word_1_26' title='bbox 302 721 402 804; x_wconf 88' lang='lat' dir='ltr'><strong>inter</strong></span> <span class='ocrx_word' id='word_1_27' title='bbox 420 705 746 826; x_wconf 21' lang='lat' dir='ltr'><strong>¹,omnes-ejusdem</strong></span> <span class='ocrx_word' id='word_1_28' title='bbox 767 711 1018 823; x_wconf 83' lang='lat' dir='ltr'><strong>longitudinis</strong></span> <span class='ocrx_word' id='word_1_29' title='bbox 1040 711 1562 825; x_wconf 85' lang='lat' dir='ltr'><strong>maximamcomprehendat</strong></span> <span class='ocrx_word' id='word_1_30' title='bbox 1576 739 1705 798; x_wconf 87' lang='lat' dir='ltr'><strong>aream</strong></span> 
     </span>
     <span class='ocr_line' id='line_1_5' title="bbox 303 827 1704 942; baseline -0.003 -22"><span class='ocrx_word' id='word_1_31' title='bbox 303 853 392 920; x_wconf 82' lang='lat' dir='ltr'><strong>eum</strong></span> <span class='ocrx_word' id='word_1_32' title='bbox 415 827 594 927; x_wconf 77' lang='lat' dir='ltr'><strong>abscissa,</strong></span> <span class='ocrx_word' id='word_1_33' title='bbox 627 827 710 912; x_wconf 86' lang='lat' dir='ltr'><strong>duae</strong></span> <span class='ocrx_word' id='word_1_34' title='bbox 738 831 953 914; x_wconf 87' lang='lat' dir='ltr'><strong>constantes</strong></span> <span class='ocrx_word' id='word_1_35' title='bbox 980 859 1092 916; x_wconf 83' lang='lat' dir='ltr'><strong>nova</strong></span> <span class='ocrx_word' id='word_1_36' title='bbox 1110 832 1404 942; x_wconf 72' lang='lat' dir='ltr'><strong>ingrediunturt</strong></span> <span class='ocrx_word' id='word_1_37' title='bbox 1439 859 1488 916; x_wconf 88' lang='lat' dir='ltr'><strong>ex</strong></span> <span class='ocrx_word' id='word_1_38' title='bbox 1515 858 1621 942; x_wconf 89' lang='lat' dir='ltr'><strong>quo,</strong></span> <span class='ocrx_word' id='word_1_39' title='bbox 1652 827 1704 916; x_wconf 88' lang='lat' dir='ltr'><strong>ad</strong></span> 
     </span>
     <span class='ocr_line' id='line_1_6' title="bbox 304 944 1705 1060; baseline -0.004 -22"><span class='ocrx_word' id='word_1_40' title='bbox 304 947 512 1038; x_wconf 82' lang='lat' dir='ltr'><strong>Problema</strong></span> <span class='ocrx_word' id='word_1_41' title='bbox 529 945 824 1032; x_wconf 90' lang='lat' dir='ltr'><strong>determinatum</strong></span> <span class='ocrx_word' id='word_1_42' title='bbox 844 944 1095 1047; x_wconf 86' lang='lat' dir='ltr'><strong>efficiendum,</strong></span> <span class='ocrx_word' id='word_1_43' title='bbox 1120 949 1162 1032; x_wconf 92' lang='lat' dir='ltr'><strong>id</strong></span> <span class='ocrx_word' id='word_1_44' title='bbox 1176 949 1229 1031; x_wconf 87' lang='lat' dir='ltr'><strong>ita</strong></span> <span class='ocrx_word' id='word_1_45' title='bbox 1248 951 1301 1034; x_wconf 86' lang='lat' dir='ltr'><strong>ess</strong></span> <span class='ocrx_word' id='word_1_46' title='bbox 1319 947 1639 1060; x_wconf 87' lang='lat' dir='ltr'><strong>proponendum,</strong></span> <span class='ocrx_word' id='word_1_47' title='bbox 1661 972 1705 1034; x_wconf 87' lang='grc' dir='ltr'><strong>ιιι</strong></span> 
     </span>
     <span class='ocr_line' id='line_1_7' title="bbox 304 1057 1705 1178; baseline -0.003 -25"><span class='ocrx_word' id='word_1_48' title='bbox 304 1071 405 1153; x_wconf 89' lang='lat' dir='ltr'><strong>inter</strong></span> <span class='ocrx_word' id='word_1_49' title='bbox 424 1093 559 1150; x_wconf 87' lang='lat' dir='ltr'><strong>omnes</strong></span> <span class='ocrx_word' id='word_1_50' title='bbox 582 1089 714 1148; x_wconf 86' lang='lat' dir='ltr'><strong>curvas</strong></span> <span class='ocrx_word' id='word_1_51' title='bbox 734 1059 903 1170; x_wconf 86' lang='lat' dir='ltr'><strong>ejusdem</strong></span> <span class='ocrx_word' id='word_1_52' title='bbox 927 1065 1202 1178; x_wconf 83' lang='lat' dir='ltr'><strong>longitudinis,</strong></span> <span class='ocrx_word' id='word_1_53' title='bbox 1224 1095 1308 1177; x_wconf 86' lang='lat' dir='ltr'><strong>quae</strong></span> <span class='ocrx_word' id='word_1_54' title='bbox 1328 1093 1407 1148; x_wconf 91' lang='lat' dir='ltr'><strong>non</strong></span> <span class='ocrx_word' id='word_1_55' title='bbox 1431 1057 1552 1150; x_wconf 90' lang='lat' dir='ltr'><strong>solum</strong></span> <span class='ocrx_word' id='word_1_56' title='bbox 1574 1064 1705 1148; x_wconf 89' lang='lat' dir='ltr'><strong>eidem</strong></span> 
     </span>
     <span class='ocr_line' id='line_1_8' title="bbox 305 1175 1712 1293; baseline -0.004 -24"><span class='ocrx_word' id='word_1_57' title='bbox 305 1179 464 1270; x_wconf 77' lang='lat' dir='ltr'><strong>abscissae</strong></span> <span class='ocrx_word' id='word_1_58' title='bbox 492 1177 770 1293; x_wconf 81' lang='lat' dir='ltr'><strong>respondeant,</strong></span> <span class='ocrx_word' id='word_1_59' title='bbox 803 1175 1004 1266; x_wconf 88' lang='lat' dir='ltr'><strong>sed-etiam</strong></span> <span class='ocrx_word' id='word_1_60' title='bbox 1031 1211 1098 1293; x_wconf 88' lang='lat' dir='ltr'><strong>per</strong></span> <span class='ocrx_word' id='word_1_61' title='bbox 1122 1183 1211 1267; x_wconf 88' lang='lat' dir='ltr'><strong>data</strong></span> <span class='ocrx_word' id='word_1_62' title='bbox 1231 1183 1311 1266; x_wconf 90' lang='lat' dir='ltr'><strong>duo</strong></span> <span class='ocrx_word' id='word_1_63' title='bbox 1334 1186 1472 1293; x_wconf 77' lang='lat' dir='ltr'><strong>pendia</strong></span> <span class='ocrx_word' id='word_1_64' title='bbox 1490 1175 1712 1280; x_wconf 82' lang='lat' dir='ltr'><strong>transeant,</strong></span> 
     </span>
     <span class='ocr_line' id='line_1_9' title="bbox 304 1293 1743 1414; baseline -0.001 -30"><span class='ocrx_word' id='word_1_65' title='bbox 304 1325 491 1414; x_wconf 74' lang='lat' dir='ltr'>quaeratur</span> <span class='ocrx_word' id='word_1_66' title='bbox 522 1327 570 1385; x_wconf 88' lang='lat' dir='ltr'><strong>ea</strong></span> <span class='ocrx_word' id='word_1_67' title='bbox 601 1326 685 1412; x_wconf 80' lang='lat' dir='ltr'><strong>qua</strong></span> <span class='ocrx_word' id='word_1_68' title='bbox 713 1297 920 1382; x_wconf 86' lang='lat' dir='ltr'><strong>addaram</strong></span> <span class='ocrx_word' id='word_1_69' title='bbox 951 1293 1140 1382; x_wconf 73' lang='lat' dir='ltr'><strong>abscidam</strong></span> <span class='ocrx_word' id='word_1_70' title='bbox 1169 1303 1373 1386; x_wconf 84' lang='lat' dir='ltr'><strong>maximam</strong></span> <span class='ocrx_word' id='word_1_71' title='bbox 1396 1327 1524 1382; x_wconf 87' lang='lat' dir='ltr'><strong>aream</strong></span> <span class='ocrx_word' id='word_1_72' title='bbox 1550 1296 1703 1384; x_wconf 62' lang='lat' dir='ltr'><strong>reserata</strong></span> <span class='ocrx_word' id='word_1_73' title='bbox 1741 1301 1743 1308; x_wconf 82' lang='grc'><strong>’</strong></span> 
     </span>
     <span class='ocr_line' id='line_1_10' title="bbox 303 1412 1706 1531; baseline -0.003 -29"><span class='ocrx_word' id='word_1_74' title='bbox 303 1413 443 1531; x_wconf 84' lang='lat' dir='ltr'>Atque</span> <span class='ocrx_word' id='word_1_75' title='bbox 469 1414 576 1500; x_wconf 79' lang='lat' dir='ltr'><strong>simili</strong></span> <span class='ocrx_word' id='word_1_76' title='bbox 601 1412 724 1498; x_wconf 92' lang='lat' dir='ltr'><strong>modo</strong></span> <span class='ocrx_word' id='word_1_77' title='bbox 748 1417 904 1498; x_wconf 86' lang='lat' dir='ltr'><strong>evenire</strong></span> <span class='ocrx_word' id='word_1_78' title='bbox 926 1417 1072 1526; x_wconf 88' lang='lat' dir='ltr'><strong>potest,</strong></span> <span class='ocrx_word' id='word_1_79' title='bbox 1106 1441 1148 1500; x_wconf 91' lang='lat' dir='ltr'><strong>ut</strong></span> <span class='ocrx_word' id='word_1_80' title='bbox 1168 1444 1334 1530; x_wconf 88' lang='lat' dir='ltr'><strong>quatuor</strong></span> <span class='ocrx_word' id='word_1_81' title='bbox 1353 1418 1513 1530; x_wconf 74' lang='lat' dir='ltr'><strong>ponda,</strong></span> <span class='ocrx_word' id='word_1_82' title='bbox 1538 1419 1578 1498; x_wconf 82' lang='grc' dir='ltr'><strong>δι</strong></span> <span class='ocrx_word' id='word_1_83' title='bbox 1597 1416 1706 1528; x_wconf 88' lang='lat' dir='ltr'><strong>plura</strong></span> 
     </span>
     <span class='ocr_line' id='line_1_11' title="bbox 304 1523 1711 1644; baseline -0.005 -24"><span class='ocrx_word' id='word_1_84' title='bbox 304 1535 421 1620; x_wconf 86' lang='lat' dir='ltr'><strong>etiam</strong></span> <span class='ocrx_word' id='word_1_85' title='bbox 444 1533 660 1631; x_wconf 89' lang='lat' dir='ltr'><strong>interdum,</strong></span> <span class='ocrx_word' id='word_1_86' title='bbox 687 1561 757 1643; x_wconf 90' lang='lat' dir='ltr'><strong>pro</strong></span> <span class='ocrx_word' id='word_1_87' title='bbox 773 1533 932 1616; x_wconf 87' lang='lat' dir='ltr'><strong>arbitrio</strong></span> <span class='ocrx_word' id='word_1_88' title='bbox 951 1530 1079 1617; x_wconf 86' lang='lat' dir='ltr'><strong>assumi</strong></span> <span class='ocrx_word' id='word_1_89' title='bbox 1103 1531 1298 1632; x_wconf 86' lang='lat' dir='ltr'><strong>debeant,</strong></span> <span class='ocrx_word' id='word_1_90' title='bbox 1322 1523 1623 1644; x_wconf 80' lang='lat' dir='ltr'><strong>quoProblema</strong></span> <span class='ocrx_word' id='word_1_91' title='bbox 1638 1523 1711 1614; x_wconf 83' lang='lat' dir='ltr'><strong>stat</strong></span> 
     </span>
     <span class='ocr_line' id='line_1_12' title="bbox 305 1645 1708 1762; baseline -0.003 -28"><span class='ocrx_word' id='word_1_92' title='bbox 305 1650 627 1736; x_wconf 90' lang='lat' dir='ltr'><strong>determinatum:</strong></span> <span class='ocrx_word' id='word_1_93' title='bbox 660 1651 838 1761; x_wconf 23' lang='lat' dir='ltr'><strong>eujus-rei</strong></span> <span class='ocrx_word' id='word_1_94' title='bbox 853 1648 1081 1756; x_wconf 75' lang='lat' dir='ltr'><strong>dijudicatio</strong></span> <span class='ocrx_word' id='word_1_95' title='bbox 1101 1677 1148 1732; x_wconf 84' lang='lat' dir='ltr'><strong>ex</strong></span> <span class='ocrx_word' id='word_1_96' title='bbox 1168 1646 1244 1762; x_wconf 91' lang='lat' dir='ltr'><strong>ipsa</strong></span> <span class='ocrx_word' id='word_1_97' title='bbox 1263 1645 1552 1742; x_wconf 86' lang='lat' dir='ltr'><strong>Problematum</strong></span> <span class='ocrx_word' id='word_1_98' title='bbox 1570 1673 1708 1732; x_wconf 82' lang='lat' dir='ltr'><strong>natura</strong></span> 
     </span>
     <span class='ocr_line' id='line_1_13' title="bbox 305 1759 1704 1878; baseline -0.003 -26"><span class='ocrx_word' id='word_1_99' title='bbox 305 1771 358 1853; x_wconf 91' lang='lat' dir='ltr'><strong>est</strong></span> <span class='ocrx_word' id='word_1_100' title='bbox 378 1767 558 1878; x_wconf 88' lang='lat' dir='ltr'><strong>petenda.</strong></span> <span class='ocrx_word' id='word_1_101' title='bbox 614 1761 964 1870; x_wconf 79' lang='lat' dir='ltr'><strong>Quemadmodum</strong></span> <span class='ocrx_word' id='word_1_102' title='bbox 985 1789 1136 1878; x_wconf 81' lang='lat' dir='ltr'><strong>autem,</strong></span> <span class='ocrx_word' id='word_1_103' title='bbox 1161 1769 1200 1850; x_wconf 92' lang='lat' dir='ltr'><strong>in</strong></span> <span class='ocrx_word' id='word_1_104' title='bbox 1218 1764 1464 1853; x_wconf 86' lang='lat' dir='ltr'><strong>Problemate</strong></span> <span class='ocrx_word' id='word_1_105' title='bbox 1484 1759 1704 1877; x_wconf 76' lang='lat' dir='ltr'><strong>isoperime-</strong></span> 
     </span>
     <span class='ocr_line' id='line_1_14' title="bbox 306 1881 1707 1994; baseline -0.002 -28"><span class='ocrx_word' id='word_1_106' title='bbox 306 1887 441 1980; x_wconf 85' lang='lat' dir='ltr'><strong>t&#39;rico,</strong></span> <span class='ocrx_word' id='word_1_107' title='bbox 486 1910 622 1966; x_wconf 86' lang='lat' dir='ltr'><strong>omnes</strong></span> <span class='ocrx_word' id='word_1_108' title='bbox 651 1908 773 1963; x_wconf 82' lang='lat' dir='ltr'><strong>curva</strong></span> <span class='ocrx_word' id='word_1_109' title='bbox 789 1985 797 1992; x_wconf 10' lang='grc' dir='ltr'><strong>,Α</strong></span> <span class='ocrx_word' id='word_1_110' title='bbox 815 1911 863 1983; x_wconf 79' lang='lat' dir='ltr'><strong>err</strong></span> <span class='ocrx_word' id='word_1_111' title='bbox 886 1884 1025 1994; x_wconf 91' lang='lat' dir='ltr'><strong>quibus</strong></span> <span class='ocrx_word' id='word_1_112' title='bbox 1053 1881 1248 1994; x_wconf 73' lang='lat' dir='ltr'><strong>quaesrtam&#39;</strong></span> <span class='ocrx_word' id='word_1_113' title='bbox 1271 1883 1517 1968; x_wconf 85' lang='lat' dir='ltr'><strong>determinati</strong></span> <span class='ocrx_word' id='word_1_114' title='bbox 1547 1901 1707 1992; x_wconf 83' lang='lat' dir='ltr'><strong>oportet</strong></span> 
     </span>
     <span class='ocr_line' id='line_1_15' title="bbox 307 1993 1709 2113; baseline -0.002 -31"><span class='ocrx_word' id='word_1_115' title='bbox 307 1993 475 2106; x_wconf 86' lang='lat' dir='ltr'><strong>ejusdem</strong></span> <span class='ocrx_word' id='word_1_116' title='bbox 495 1996 744 2108; x_wconf 87' lang='lat' dir='ltr'><strong>longitudinis</strong></span> <span class='ocrx_word' id='word_1_117' title='bbox 773 2022 991 2108; x_wconf 72' lang='lat' dir='ltr'><strong>ponunturr</strong></span> <span class='ocrx_word' id='word_1_118' title='bbox 1024 2001 1077 2080; x_wconf 90' lang='lat' dir='ltr'><strong>ita</strong></span> <span class='ocrx_word' id='word_1_119' title='bbox 1097 2001 1187 2083; x_wconf 91' lang='lat' dir='ltr'><strong>loco</strong></span> <span class='ocrx_word' id='word_1_120' title='bbox 1215 2003 1327 2107; x_wconf 86' lang='lat' dir='ltr'><strong>hujus</strong></span> <span class='ocrx_word' id='word_1_121' title='bbox 1358 2000 1599 2113; x_wconf 80' lang='lat' dir='ltr'><strong>proprietatis</strong></span> <span class='ocrx_word' id='word_1_122' title='bbox 1630 1999 1709 2082; x_wconf 86' lang='lat' dir='ltr'><strong>alia</strong></span> 
     </span>
     <span class='ocr_line' id='line_1_16' title="bbox 307 2113 1704 2227; baseline -0.002 -28"><span class='ocrx_word' id='word_1_123' title='bbox 307 2143 546 2227; x_wconf 82' lang='lat' dir='ltr'><strong>quacunque</strong></span> <span class='ocrx_word' id='word_1_124' title='bbox 571 2116 738 2223; x_wconf 92' lang='lat' dir='ltr'><strong>proponi</strong></span> <span class='ocrx_word' id='word_1_125' title='bbox 759 2115 905 2224; x_wconf 84' lang='lat' dir='ltr'><strong>potest,</strong></span> <span class='ocrx_word' id='word_1_126' title='bbox 924 2141 1008 2225; x_wconf 78' lang='lat' dir='ltr'><strong>qua</strong></span> <span class='ocrx_word' id='word_1_127' title='bbox 1026 2115 1206 2198; x_wconf 91' lang='lat' dir='ltr'><strong>omnibus</strong></span> <span class='ocrx_word' id='word_1_128' title='bbox 1229 2118 1444 2198; x_wconf 84' lang='lat' dir='ltr'><strong>eommunis</strong></span> <span class='ocrx_word' id='word_1_129' title='bbox 1458 2113 1531 2199; x_wconf 81' lang='lat' dir='ltr'><strong>esse</strong></span> <span class='ocrx_word' id='word_1_130' title='bbox 1546 2114 1704 2198; x_wconf 87' lang='lat' dir='ltr'><strong>debeat.</strong></span> 
     </span>
     <span class='ocr_line' id='line_1_17' title="bbox 304 2225 1704 2343; baseline -0.004 -28"><span class='ocrx_word' id='word_1_131' title='bbox 304 2231 368 2319; x_wconf 88' lang='lat' dir='ltr'><strong>Sic</strong></span> <span class='ocrx_word' id='word_1_132' title='bbox 391 2235 467 2337; x_wconf 89' lang='lat' dir='ltr'><strong>jam</strong></span> <span class='ocrx_word' id='word_1_133' title='bbox 496 2227 659 2341; x_wconf 83' lang='lat' dir='ltr'><strong>quatfitae</strong></span> <span class='ocrx_word' id='word_1_134' title='bbox 685 2225 768 2320; x_wconf 85' lang='lat' dir='ltr'><strong>sum</strong></span> <span class='ocrx_word' id='word_1_135' title='bbox 781 2257 914 2312; x_wconf 74' lang='lat' dir='ltr'><strong>‚curua</strong></span> <span class='ocrx_word' id='word_1_136' title='bbox 943 2231 1099 2312; x_wconf 86' lang='lat' dir='ltr'><strong>maximi</strong></span> <span class='ocrx_word' id='word_1_137' title='bbox 1121 2233 1321 2315; x_wconf 83' lang='lat' dir='ltr'><strong>minimiv&#39;e</strong></span> <span class='ocrx_word' id='word_1_138' title='bbox 1349 2233 1585 2343; x_wconf 83' lang='lat' dir='ltr'><strong>proprietate</strong></span> <span class='ocrx_word' id='word_1_139' title='bbox 1605 2257 1704 2342; x_wconf 85' lang='lat' dir='ltr'><strong>prae·</strong></span> 
     </span>
     <span class='ocr_line' id='line_1_18' title="bbox 305 2345 1705 2450; baseline -0.004 -16"><span class='ocrx_word' id='word_1_140' title='bbox 305 2350 409 2445; x_wconf 85' lang='lat' dir='ltr'><strong>ditae,</strong></span> <span class='ocrx_word' id='word_1_141' title='bbox 435 2350 534 2430; x_wconf 85' lang='lat' dir='ltr'><strong>inter</strong></span> <span class='ocrx_word' id='word_1_142' title='bbox 553 2373 688 2429; x_wconf 90' lang='lat' dir='ltr'><strong>omnes</strong></span> <span class='ocrx_word' id='word_1_143' title='bbox 704 2374 767 2428; x_wconf 89' lang='lat' dir='ltr'><strong>eas</strong></span> <span class='ocrx_word' id='word_1_144' title='bbox 782 2372 914 2430; x_wconf 87' lang='lat' dir='ltr'><strong>curvas</strong></span> <span class='ocrx_word' id='word_1_145' title='bbox 932 2347 986 2430; x_wconf 85' lang='lat' dir='ltr'><strong>ad¹</strong></span> <span class='ocrx_word' id='word_1_146' title='bbox 999 2346 1159 2450; x_wconf 89' lang='lat' dir='ltr'><strong>eandem</strong></span> <span class='ocrx_word' id='word_1_147' title='bbox 1175 2345 1367 2433; x_wconf 82' lang='lat' dir='ltr'><strong>abscissam</strong></span> <span class='ocrx_word' id='word_1_148' title='bbox 1384 2349 1521 2433; x_wconf 84' lang='lat' dir='ltr'><strong>relatas·</strong></span> <span class='ocrx_word' id='word_1_149' title='bbox 1539 2373 1705 2446; x_wconf 89' lang='lat' dir='ltr'><strong>tantum,</strong></span> 
     </span>
    </p>

    <p class='ocr_par' dir='ltr' id='par_1_4' title="bbox 236 2455 1757 2814">
     <span class='ocr_line' id='line_1_19' title="bbox 236 2455 1757 2580; baseline -0.001 -32"><span class='ocrx_word' id='word_1_150' title='bbox 236 2497 240 2504; x_wconf 95' lang='lat'><em>·</em></span> <span class='ocrx_word' id='word_1_151' title='bbox 305 2493 391 2580; x_wconf 87' lang='lat' dir='ltr'><strong>quae</strong></span> <span class='ocrx_word' id='word_1_152' title='bbox 414 2466 620 2548; x_wconf 89' lang='lat' dir='ltr'><strong>circaeam</strong></span> <span class='ocrx_word' id='word_1_153' title='bbox 644 2456 832 2566; x_wconf 85' lang='lat' dir='ltr'><strong>abscissam</strong></span> <span class='ocrx_word' id='word_1_154' title='bbox 857 2457 1202 2550; x_wconf 73' lang='lat' dir='ltr'><strong>eonversaomnes</strong></span> <span class='ocrx_word' id='word_1_155' title='bbox 1221 2468 1384 2580; x_wconf 77' lang='lat' dir='ltr'><strong>aquales</strong></span> <span class='ocrx_word' id='word_1_156' title='bbox 1403 2459 1614 2578; x_wconf 86' lang='lat' dir='ltr'><strong>superficies</strong></span> <span class='ocrx_word' id='word_1_157' title='bbox 1636 2491 1704 2577; x_wconf 85' lang='lat' dir='ltr'><strong>ge·</strong></span> <span class='ocrx_word' id='word_1_158' title='bbox 1752 2455 1757 2462; x_wconf 49' lang='lat'><strong>⁴</strong></span> 
     </span>
     <span class='ocr_line' id='line_1_20' title="bbox 305 2576 1705 2696; baseline -0.004 -28"><span class='ocrx_word' id='word_1_159' title='bbox 305 2604 463 2686; x_wconf 71' lang='lat' dir='ltr'><strong>petente</strong></span> <span class='ocrx_word' id='word_1_160' title='bbox 488 2603 614 2687; x_wconf 77' lang='lat' dir='ltr'><strong>atque</strong></span> <span class='ocrx_word' id='word_1_161' title='bbox 635 2576 744 2662; x_wconf 86' lang='lat' dir='ltr'><strong>fimili</strong></span> <span class='ocrx_word' id='word_1_162' title='bbox 763 2577 886 2664; x_wconf 88' lang='lat' dir='ltr'><strong>modo</strong></span> <span class='ocrx_word' id='word_1_163' title='bbox 906 2580 987 2662; x_wconf 85' lang='lat' dir='ltr'><strong>aliae</strong></span> <span class='ocrx_word' id='word_1_164' title='bbox 1005 2607 1244 2695; x_wconf 85' lang='lat' dir='ltr'><strong>quaecunque</strong></span> <span class='ocrx_word' id='word_1_165' title='bbox 1261 2585 1513 2696; x_wconf 84' lang='lat' dir='ltr'><strong>proprietates</strong></span> <span class='ocrx_word' id='word_1_166' title='bbox 1535 2581 1705 2694; x_wconf 88' lang='lat' dir='ltr'><strong>proponi</strong></span> 
     </span>
     <span class='ocr_line' id='line_1_21' title="bbox 305 2691 1710 2814; baseline -0.001 -32"><span class='ocrx_word' id='word_1_167' title='bbox 305 2695 471 2813; x_wconf 83' lang='lat' dir='ltr'><strong>possunt.</strong></span> <span class='ocrx_word' id='word_1_168' title='bbox 533 2691 695 2780; x_wconf 88' lang='lat' dir='ltr'><strong>Deinde</strong></span> <span class='ocrx_word' id='word_1_169' title='bbox 722 2697 872 2796; x_wconf 90' lang='lat' dir='ltr'><strong>etiam,</strong></span> <span class='ocrx_word' id='word_1_170' title='bbox 902 2723 982 2781; x_wconf 93' lang='lat' dir='ltr'><strong>non</strong></span> <span class='ocrx_word' id='word_1_171' title='bbox 1006 2725 1113 2797; x_wconf 88' lang='lat' dir='ltr'><strong>una,</strong></span> <span class='ocrx_word' id='word_1_172' title='bbox 1143 2694 1207 2784; x_wconf 90' lang='lat' dir='ltr'><strong>sed</strong></span> <span class='ocrx_word' id='word_1_173' title='bbox 1227 2702 1353 2814; x_wconf 88' lang='lat' dir='ltr'><strong>plures</strong></span> <span class='ocrx_word' id='word_1_174' title='bbox 1376 2695 1710 2810; x_wconf 46' lang='lat' dir='ltr'><strong>hujusmodi&#39;proff</strong></span> 
     </span>
    </p>

    <p class='ocr_par' dir='ltr' id='par_1_5' title="bbox 261 2805 1776 3515">
     <span class='ocr_line' id='line_1_22' title="bbox 305 2805 1706 2930; baseline -0.002 -31.091"><span class='ocrx_word' id='word_1_175' title='bbox 305 2817 486 2930; x_wconf 88' lang='lat' dir='ltr'><strong>prietates</strong></span> <span class='ocrx_word' id='word_1_176' title='bbox 503 2805 686 2926; x_wconf 88' lang='lat' dir='ltr'><strong>praescribi</strong></span> <span class='ocrx_word' id='word_1_177' title='bbox 718 2809 895 2925; x_wconf 86' lang='lat' dir='ltr'><strong>possunt,</strong></span> <span class='ocrx_word' id='word_1_178' title='bbox 926 2829 1011 2926; x_wconf 73' lang='lat' dir='ltr'><strong>qt‘tae</strong></span> <span class='ocrx_word' id='word_1_179' title='bbox 1039 2817 1219 2901; x_wconf 89' lang='lat' dir='ltr'><strong>omnibus</strong></span> <span class='ocrx_word' id='word_1_180' title='bbox 1251 2819 1375 2900; x_wconf 85' lang='lat' dir='ltr'><strong>curvis</strong></span> <span class='ocrx_word' id='word_1_181' title='bbox 1406 2819 1504 2900; x_wconf 86' lang='lat' dir='ltr'><strong>inter</strong></span> <span class='ocrx_word' id='word_1_182' title='bbox 1534 2842 1629 2928; x_wconf 87' lang='lat' dir='ltr'><strong>quas</strong></span> <span class='ocrx_word' id='word_1_183' title='bbox 1659 2841 1706 2898; x_wconf 85' lang='lat' dir='ltr'><strong>ea</strong></span> 
     </span>
     <span class='ocr_line' id='line_1_23' title="bbox 306 2927 1705 3046; baseline -0.002 -30"><span class='ocrx_word' id='word_1_184' title='bbox 306 2960 390 3046; x_wconf 86' lang='lat' dir='ltr'><strong>quae</strong></span> <span class='ocrx_word' id='word_1_185' title='bbox 409 2931 617 3014; x_wconf 88' lang='lat' dir='ltr'><strong>maximum</strong></span> <span class='ocrx_word' id='word_1_186' title='bbox 633 2933 886 3016; x_wconf 89' lang='lat' dir='ltr'><strong>minimumve</strong></span> <span class='ocrx_word' id='word_1_187' title='bbox 899 2931 1062 3042; x_wconf 88' lang='lat' dir='ltr'><strong>aliquod</strong></span> <span class='ocrx_word' id='word_1_188' title='bbox 1080 2937 1276 3019; x_wconf 86' lang='lat' dir='ltr'><strong>continear</strong></span> <span class='ocrx_word' id='word_1_189' title='bbox 1293 2927 1511 3020; x_wconf 84' lang='lat' dir='ltr'><strong>definienda</strong></span> <span class='ocrx_word' id='word_1_190' title='bbox 1531 2931 1575 3016; x_wconf 88' lang='lat' dir='ltr'><strong>fit</strong></span> <span class='ocrx_word' id='word_1_191' title='bbox 1597 2959 1705 3014; x_wconf 89' lang='lat' dir='ltr'><strong>com·</strong></span> 
     </span>
     <span class='ocr_line' id='line_1_24' title="bbox 307 3043 1776 3164; baseline -0.001 -33"><span class='ocrx_word' id='word_1_192' title='bbox 307 3075 440 3164; x_wconf 81' lang='lat' dir='ltr'><strong>munes</strong></span> <span class='ocrx_word' id='word_1_193' title='bbox 464 3043 536 3130; x_wconf 85' lang='lat' dir='ltr'><strong>esse</strong></span> <span class='ocrx_word' id='word_1_194' title='bbox 556 3045 738 3132; x_wconf 87' lang='lat' dir='ltr'><strong>debeant.</strong></span> <span class='ocrx_word' id='word_1_195' title='bbox 799 3043 856 3130; x_wconf 91' lang='lat' dir='ltr'><strong>lta</strong></span> <span class='ocrx_word' id='word_1_196' title='bbox 876 3046 901 3129; x_wconf 89' lang='lat' dir='ltr'><strong>li</strong></span> <span class='ocrx_word' id='word_1_197' title='bbox 925 3075 1154 3159; x_wconf 77' lang='lat' dir='ltr'><strong>quareretur</strong></span> <span class='ocrx_word' id='word_1_198' title='bbox 1180 3079 1296 3133; x_wconf 89' lang='lat' dir='ltr'><strong>curva</strong></span> <span class='ocrx_word' id='word_1_199' title='bbox 1326 3054 1482 3134; x_wconf 85' lang='lat' dir='ltr'><strong>maximi</strong></span> <span class='ocrx_word' id='word_1_200' title='bbox 1504 3049 1569 3134; x_wconf 79' lang='lat' dir='ltr'><strong>vel</strong></span> <span class='ocrx_word' id='word_1_201' title='bbox 1595 3049 1704 3130; x_wconf 87' lang='lat' dir='ltr'><strong>mini·</strong></span> <span class='ocrx_word' id='word_1_202' title='bbox 1772 3087 1776 3098; x_wconf 88' lang='lat'><strong>·</strong></span> 
     </span>
     <span class='ocr_line' id='line_1_25' title="bbox 307 3161 1706 3275; baseline 0.001 -28"><span class='ocrx_word' id='word_1_203' title='bbox 307 3165 362 3247; x_wconf 94' lang='lat' dir='ltr'><strong>mi</strong></span> <span class='ocrx_word' id='word_1_204' title='bbox 408 3163 618 3274; x_wconf 71' lang='lat' dir='ltr'><strong>roprieta&#39;t‘e</strong></span> <span class='ocrx_word' id='word_1_205' title='bbox 639 3163 817 3275; x_wconf 87' lang='lat' dir='ltr'><strong>quapiam</strong></span> <span class='ocrx_word' id='word_1_206' title='bbox 836 3161 1019 3274; x_wconf 74' lang='lat' dir='ltr'><strong>praedita,</strong></span> <span class='ocrx_word' id='word_1_207' title='bbox 1051 3167 1150 3269; x_wconf 88' lang='lat' dir='ltr'><strong>inter</strong></span> <span class='ocrx_word' id='word_1_208' title='bbox 1173 3195 1308 3252; x_wconf 86' lang='lat' dir='ltr'><strong>omnes</strong></span> <span class='ocrx_word' id='word_1_209' title='bbox 1333 3193 1467 3254; x_wconf 83' lang='lat' dir='ltr'><strong>curvas</strong></span> <span class='ocrx_word' id='word_1_210' title='bbox 1488 3165 1616 3250; x_wconf 89' lang='lat' dir='ltr'><strong>eidem</strong></span> <span class='ocrx_word' id='word_1_211' title='bbox 1634 3164 1706 3249; x_wconf 87' lang='lat' dir='ltr'><strong>ab·</strong></span> 
     </span>
     <span class='ocr_line' id='line_1_26' title="bbox 307 3193 1709 3398; baseline 0.001 -34"><span class='ocrx_word' id='word_1_212' title='bbox 307 3193 415 3364; x_wconf 62' lang='lat' dir='ltr'><strong>seinse</strong></span> <span class='ocrx_word' id='word_1_213' title='bbox 438 3273 746 3392; x_wconf 86' lang='lat' dir='ltr'><strong>respondentes,</strong></span> <span class='ocrx_word' id='word_1_214' title='bbox 778 3307 862 3394; x_wconf 79' lang='lat' dir='ltr'><strong>quae</strong></span> <span class='ocrx_word' id='word_1_215' title='bbox 880 3304 958 3364; x_wconf 87' lang='lat' dir='ltr'><strong>tam</strong></span> <span class='ocrx_word' id='word_1_216' title='bbox 982 3276 1101 3367; x_wconf 81' lang='lat' dir='ltr'><strong>essent</strong></span> <span class='ocrx_word' id='word_1_217' title='bbox 1120 3310 1256 3368; x_wconf 87' lang='lat' dir='ltr'><strong>omnes</strong></span> <span class='ocrx_word' id='word_1_218' title='bbox 1278 3285 1377 3370; x_wconf 90' lang='lat' dir='ltr'><strong>inter</strong></span> <span class='ocrx_word' id='word_1_219' title='bbox 1402 3279 1440 3372; x_wconf 92' lang='lat' dir='ltr'><strong>se</strong></span> <span class='ocrx_word' id='word_1_220' title='bbox 1462 3282 1709 3398; x_wconf 80' lang='lat' dir='ltr'><strong>longitudine</strong></span> 
     </span>
     <span class='ocr_line' id='line_1_27' title="bbox 308 3395 1410 3515; baseline 0.003 -32"><span class='ocrx_word' id='word_1_221' title='bbox 308 3395 498 3512; x_wconf 82' lang='lat' dir='ltr'><strong>aequales,</strong></span> <span class='ocrx_word' id='word_1_222' title='bbox 529 3425 645 3512; x_wconf 90' lang='lat' dir='ltr'><strong>quam</strong></span> <span class='ocrx_word' id='word_1_223' title='bbox 671 3396 787 3482; x_wconf 87' lang='lat' dir='ltr'><strong>etiam</strong></span> <span class='ocrx_word' id='word_1_224' title='bbox 806 3423 911 3484; x_wconf 89' lang='lat' dir='ltr'><strong>areas</strong></span> <span class='ocrx_word' id='word_1_225' title='bbox 932 3401 1097 3515; x_wconf 77' lang='lat' dir='ltr'><strong>aquales</strong></span> <span class='ocrx_word' id='word_1_226' title='bbox 1120 3401 1410 3488; x_wconf 83' lang='lat' dir='ltr'><strong>concluderent.</strong></span> 
     </span>
    </p>
   </div>
   <div class='ocr_carea' id='block_1_3' title="bbox 637 3639 1387 3782">
    <p class='ocr_par' dir='ltr' id='par_1_6' title="bbox 637 3639 1387 3782">
     <span class='ocr_line' id='line_1_28' title="bbox 637 3639 1387 3782; baseline 0.012 -46"><span class='ocrx_word' id='word_1_227' title='bbox 637 3639 1387 3782; x_wconf 69' lang='lat' dir='ltr'><strong>·.s&#39;e·teonroure.,</strong></span> 
     </span>
    </p>
   </div>
   <div class='ocr_carea' id='block_1_4' title="bbox 204 3871 1792 4690">
    <p class='ocr_par' dir='ltr' id='par_1_7' title="bbox 204 3871 1792 4597">
     <span class='ocr_line' id='line_1_29' title="bbox 204 3871 1708 3991; baseline 0.001 -25"><span class='ocrx_word' id='word_1_228' title='bbox 204 3929 206 3932; x_wconf 95' lang='lat'>·</span> <span class='ocrx_word' id='word_1_229' title='bbox 317 3925 328 3935; x_wconf 50' lang='grc'><strong>·’</strong></span> <span class='ocrx_word' id='word_1_230' title='bbox 373 3907 436 3985; x_wconf 66' lang='grc' dir='ltr'><strong>ιιι.</strong></span> <span class='ocrx_word' id='word_1_231' title='bbox 458 3873 727 3991; x_wconf 76' lang='lat' dir='ltr'><strong>3P&#39;ropre&#39;r&#39;boc</strong></span> <span class='ocrx_word' id='word_1_232' title='bbox 754 3871 952 3968; x_wconf 85' lang='lat' dir='ltr'><strong>discrimen</strong></span> <span class='ocrx_word' id='word_1_233' title='bbox 978 3881 1078 3970; x_wconf 89' lang='lat' dir='ltr'><strong>inter</strong></span> <span class='ocrx_word' id='word_1_234' title='bbox 1099 3876 1351 3968; x_wconf 82' lang='lat' dir='ltr'><strong>&#39;Methodum</strong></span> <span class='ocrx_word' id='word_1_235' title='bbox 1382 3879 1708 3988; x_wconf 81' lang='lat' dir='ltr'><strong>maximorum&amp;</strong></span> 
     </span>
     <span class='ocr_line' id='line_1_30' title="bbox 308 3990 1707 4113; baseline 0.004 -31"><span class='ocrx_word' id='word_1_236' title='bbox 308 3998 555 4111; x_wconf 80' lang='lat' dir='ltr'><strong>mluimurun&#39;t</strong></span> <span class='ocrx_word' id='word_1_237' title='bbox 567 3990 785 4082; x_wconf 85' lang='lat' dir='ltr'><strong>ablblutam</strong></span> <span class='ocrx_word' id='word_1_238' title='bbox 799 4023 843 4082; x_wconf 87' lang='lat' dir='ltr'><strong>ac</strong></span> <span class='ocrx_word' id='word_1_239' title='bbox 860 4000 1074 4101; x_wconf 85' lang='lat' dir='ltr'><strong>relativam,</strong></span> <span class='ocrx_word' id='word_1_240' title='bbox 1094 4003 1269 4085; x_wconf 76' lang='lat' dir='ltr'><strong>tradatio</strong></span> <span class='ocrx_word' id='word_1_241' title='bbox 1284 3993 1410 4084; x_wconf 87' lang='lat' dir='ltr'><strong>nostra&#39;</strong></span> <span class='ocrx_word' id='word_1_242' title='bbox 1423 4002 1495 4087; x_wconf 91' lang='lat' dir='ltr'><strong>erit</strong></span> <span class='ocrx_word' id='word_1_243' title='bbox 1512 4000 1707 4113; x_wconf 82' lang='lat' dir='ltr'><strong>bipartita.</strong></span> 
     </span>
     <span class='ocr_line' id='line_1_31' title="bbox 307 4106 1792 4219; baseline 0 -19"><span class='ocrx_word' id='word_1_244' title='bbox 307 4107 478 4216; x_wconf 83' lang='lat' dir='ltr'><strong>P-limum</strong></span> <span class='ocrx_word' id='word_1_245' title='bbox 497 4106 881 4202; x_wconf 81' lang='lat' dir='ltr'><strong>scilieetmetbodum</strong></span> <span class='ocrx_word' id='word_1_246' title='bbox 896 4116 1102 4219; x_wconf 86' lang='lat' dir='ltr'><strong>trademus,</strong></span> <span class='ocrx_word' id='word_1_247' title='bbox 1121 4120 1219 4201; x_wconf 88' lang='lat' dir='ltr'><strong>inter</strong></span> <span class='ocrx_word' id='word_1_248' title='bbox 1233 4145 1369 4202; x_wconf 91' lang='lat' dir='ltr'><strong>omnes</strong></span> <span class='ocrx_word' id='word_1_249' title='bbox 1389 4121 1551 4204; x_wconf 90' lang='lat' dir='ltr'><strong>omnino</strong></span> <span class='ocrx_word' id='word_1_250' title='bbox 1571 4141 1709 4203; x_wconf 84' lang='lat' dir='ltr'><strong>curvas</strong></span> <span class='ocrx_word' id='word_1_251' title='bbox 1783 4204 1792 4214; x_wconf 50' lang='lat'><em>„</em></span> 
     </span>
     <span class='ocr_line' id='line_1_32' title="bbox 309 4223 1709 4347; baseline 0.005 -32"><span class='ocrx_word' id='word_1_252' title='bbox 309 4230 437 4316; x_wconf 91' lang='lat' dir='ltr'><strong>eidem</strong></span> <span class='ocrx_word' id='word_1_253' title='bbox 466 4223 625 4314; x_wconf 83' lang='lat' dir='ltr'><strong>abscissae</strong></span> <span class='ocrx_word' id='word_1_254' title='bbox 646 4225 960 4342; x_wconf 86' lang='lat' dir='ltr'><strong>respondentes,</strong></span> <span class='ocrx_word' id='word_1_255' title='bbox 1003 4261 1088 4320; x_wconf 89' lang='lat' dir='ltr'><strong>eam</strong></span> <span class='ocrx_word' id='word_1_256' title='bbox 1102 4233 1402 4332; x_wconf 76' lang='lat' dir='ltr'><strong>,determinandi</strong></span> <span class='ocrx_word' id='word_1_257' title='bbox 1431 4261 1518 4347; x_wconf 86' lang='lat' dir='ltr'><strong>quae</strong></span> <span class='ocrx_word' id='word_1_258' title='bbox 1550 4234 1709 4322; x_wconf 81' lang='lat' dir='ltr'><strong>maximi</strong></span> 
     </span>
     <span class='ocr_line' id='line_1_33' title="bbox 307 4347 1710 4464; baseline 0.002 -33"><span class='ocrx_word' id='word_1_259' title='bbox 307 4347 509 4432; x_wconf 87' lang='lat' dir='ltr'><strong>minimive</strong></span> <span class='ocrx_word' id='word_1_260' title='bbox 541 4347 776 4460; x_wconf 84' lang='lat' dir='ltr'><strong>proprietate</strong></span> <span class='ocrx_word' id='word_1_261' title='bbox 801 4349 846 4434; x_wconf 84' lang='lat' dir='ltr'><strong>stt</strong></span> <span class='ocrx_word' id='word_1_262' title='bbox 872 4348 1041 4462; x_wconf 85' lang='lat' dir='ltr'><strong>praedita.</strong></span> <span class='ocrx_word' id='word_1_263' title='bbox 1101 4347 1265 4440; x_wconf 88' lang='lat' dir='ltr'><strong>Deinde</strong></span> <span class='ocrx_word' id='word_1_264' title='bbox 1294 4381 1392 4440; x_wconf 90' lang='lat' dir='ltr'><strong>vero</strong></span> <span class='ocrx_word' id='word_1_265' title='bbox 1416 4351 1710 4464; x_wconf 86' lang='lat' dir='ltr'><strong>progrediemur</strong></span> 
     </span>
     <span class='ocr_line' id='line_1_34' title="bbox 306 4455 1710 4597; baseline -0.008 -44"><span class='ocrx_word' id='word_1_266' title='bbox 306 4462 360 4553; x_wconf 81' lang='lat' dir='ltr'><strong>ad</strong></span> <span class='ocrx_word' id='word_1_267' title='bbox 375 4455 565 4575; x_wconf 81' lang='lat' dir='ltr'><strong>ejusmodi</strong></span> <span class='ocrx_word' id='word_1_268' title='bbox 584 4459 850 4568; x_wconf 87' lang='lat' dir='ltr'><strong>Problemata,</strong></span> <span class='ocrx_word' id='word_1_269' title='bbox 871 4468 1068 4583; x_wconf 89' lang='lat' dir='ltr'><strong>inquibus</strong></span> <span class='ocrx_word' id='word_1_270' title='bbox 1088 4496 1203 4556; x_wconf 88' lang='lat' dir='ltr'><strong>curva</strong></span> <span class='ocrx_word' id='word_1_271' title='bbox 1220 4472 1378 4562; x_wconf 83' lang='lat' dir='ltr'><strong>maximi</strong></span> <span class='ocrx_word' id='word_1_272' title='bbox 1397 4467 1605 4597; x_wconf 40' lang='lat' dir='ltr'><strong>ministrive·</strong></span> <span class='ocrx_word' id='word_1_273' title='bbox 1617 4491 1710 4572; x_wconf 86' lang='lat' dir='ltr'><strong>pro-</strong></span> 
     </span>
    </p>

    <p class='ocr_par' dir='ltr' id='par_1_8' title="bbox 1548 4601 1715 4690">
     <span class='ocr_line' id='line_1_35' title="bbox 1548 4601 1715 4690; baseline 0.066 -30"><span class='ocrx_word' id='word_1_274' title='bbox 1548 4601 1715 4690; x_wconf 82' lang='lat' dir='ltr'><strong>perstate</strong></span> 
     </span>
    </p>
   </div>
   <div class='ocr_carea' id='block_1_5' title="bbox 0 0 2239 5618">
    <p class='ocr_par' dir='ltr' id='par_1_9' title="bbox 0 0 2239 5618">
     <span class='ocr_line' id='line_1_36' title="bbox 0 0 2239 5618; baseline 0 0"><span class='ocrx_word' id='word_1_275' title='bbox 0 0 2239 5618; x_wconf 95' lang='lat' dir='ltr'><strong> </strong></span> 
     </span>
    </p>
   </div>
  </div>
 </body>
</html>
