4284 5600
327 3081 447 3182 '¹315

506 317 586 418 176
942 317 1042 390 or
1097 315 1525 421 rrrrrrorsu

501 459 705 543 maximam
729 457 795 545 uei
815 453 1034 558 minimam,
1058 456 1131 541 erit
1151 481 1228 540 una
1252 484 1301 540 ex
1324 453 1483 540 infinitis
1518 452 1594 540 iilis
1626 447 1787 553 currit,
1812 470 1914 572 quad

498 605 588 659 ¹rum
621 575 797 690 fingulae,
821 577 921 674 inter
942 601 1078 658 omnes
1105 574 1198 657 alias
1223 567 1349 657 secum
1379 573 1578 655 communi
1606 572 1844 684 proprietate
1874 571 1913 660 Β

495 691 712 806 gaudentes
724 755 736 796 ,
758 691 921 778 eandem
944 687 1220 802 expreffiouem
1242 692 1290 774 A
1303 687 1671 776 maxImambabeut
1691 689 1912 778 mmmm·

501 838 564 895 ve.

941 1011 1436 1110 Couornlst

564 1268 627 1348 ¹3·
660 1234 815 1323 Solutio
842 1235 957 1353 igitur
984 1231 1263 1334 problematis,
1286 1261 1392 1349 quo,
1415 1234 1517 1324 inter
1539 1261 1676 1326 omnes
1693 1251 1905 1326 curvaseai

495 1353 592 1442 dem
611 1358 808 1442 communi
844 1355 1078 1467 proprietate
1098 1352 1138 1436 B
1160 1351 1362 1464 preditam
1400 1379 1447 1440 ea
1470 1356 1649 1468 quaeritur
1675 1352 1716 1438 in
1748 1381 1827 1466 qua
1857 1353 1905 1442 fit

497 1476 549 1557 A
575 1473 784 1556 maximum
809 1473 877 1558 uel
899 1473 1121 1568 minimum,
1158 1469 1272 1554 latius
1294 1468 1445 1580 patebit
1457 1529 1471 1570 ,
1492 1497 1609 1582 quam
1635 1467 1661 1553 fi
1683 1463 1863 1558 absolute
1886 1529 1901 1567 ,

498 1593 599 1672 inter
619 1615 761 1676 omnes
779 1615 948 1686 curvat,
979 1613 1025 1671 ca
1046 1608 1276 1699 quereretur
1289 1587 1329 1668 in
1342 1612 1419 1699 qua
1451 1587 1505 1672 est
1531 1586 1572 1669 A
1604 1587 1812 1671 martimum
1837 1590 1903 1676 vei

495 1705 736 1910 Einlmum
766 1705 909 1910 illdaque
944 1696 1089 1792 solutio
1118 1703 1216 1792 hanc
1255 1723 1439 1818 tanquam
1467 1694 1596 1788 casum
1628 1697 1833 1818 specialem
1859 1705 1903 1794 itt

561 1822 801 1936 eomprehen.
825 1843 876 1908 et

745 2027 1245 2126 l’uorosrrroll.
1304 2029 1672 2125 Paorrrtra.

561 2277 625 2360 14·
659 2243 881 2336 M'thodtm
900 2249 1098 2354 resilvtndr'
1125 2245 1376 2352 Problemata,
1402 2259 1443 2334 itt
1469 2249 1621 2366 quibet,
1658 2257 1755 2334 inter
1780 2277 1899 2336 tntttet

493 2397 630 2458 cervas
654 2377 835 2452 communi
861 2373 1019 2483 quadam
1035 2377 1251 2480 proprietate
1273 2371 1495 2478 gaudentes,
1534 2399 1577 2453 ea
1599 2377 1793 2482 requirite?
1823 2397 1898 2482 qu

497 2493 870 2690 ffmmw
901 2495 1098 2604 crpuspt'atn
1130 2485 1296 2602 perpasto·
1307 2495 1527 2606 proprietate
1542 2489 1729 2604 gaudem,
1766 2495 1807 2574 cs
1829 2513 1898 2603 gt-

991 2831 1387 2934 sorurrm

553 3027 697 3122 Omne
724 3032 931 3124 marimum
950 3035 1017 3126 vel
1042 3037 1382 3128 minimumitaest
1400 3057 1687 3154 comparatum,
1714 3057 1786 3138 ut,
1815 3033 1894 3126 fae·⁸

452 3147 458 3167 '
487 3173 534 3238 ta
557 3153 778 3240 mutatione
801 3151 948 3243 infinite
978 3182 1118 3269 parva,
1155 3159 1267 3244 valor
1289 3162 1372 3267 ejus
1406 3160 1572 3244 omnino
1603 3183 1684 3243 non
1714 3155 1892 3241 immute-

490 3293 581 3356 turr
625 3265 904 3374 Quamobrem
924 3271 955 3356 fi
979 3301 1100 3360 curva
1118 3301 1193 3377 az,
1224 3276 1325 3363 inter
1348 3301 1484 3362 omnes
1500 3301 1636 3360 curvas
1652 3273 1785 3361 eidem
1809 3262 1893 3356 abt·

490 3383 588 3470 citit
605 3381 699 3470 ΑΖ
720 3379 1021 3498 respondentes,
1052 3419 1138 3504 qnae
1162 3391 1327 3504 quidem
1356 3393 1557 3478 communi
1585 3392 1821 3505 proprietate
1853 3383 1892 3471 B

489 3500 710 3617 gaudeant,
736 3501 877 3588 hubert
905 3503 1080 3591 valorem
1109 3505 1353 3618 expreffionis
1373 3508 1423 3593 A
1444 3510 1654 3594 maximum
1687 3506 1753 3592 vel
1778 3504 1891 3588 mini·

489 3645 622 3707 mumt
641 3616 812 3704 eundem
832 3619 1004 3705 valorem
1032 3623 1237 3724 retinebit,
1266 3624 1292 3711 fi
1322 3625 1390 3740 ipfi
1428 3627 1514 3713 tulis
1540 3624 1705 3710 mutatio
1739 3617 1890 3708 infinite

485 3761 608 3850 parra
627 3732 829 3838 inferatur,
844 3763 927 3936 pua
945 3742 1161 3825 eommunis
1182 3745 1396 3853 proprietas
1413 3741 1450 3828 B
1469 3769 1552 3828 non
1572 3741 1755 3827 turbetur.
1816 3731 1891 3824 Ad

486 3853 567 3938 hoe
589 3875 719 3941 autem
739 3879 822 3938 non
861 3850 1002 3952 uffieit,
1043 3880 1087 3940 ut
1106 3879 1197 3941 ante
1227 3856 1416 3960 fecimus,
1452 3859 1602 3944 unicam
1625 3855 1888 3972 applicatam,

487 3993 582 4077 puta
605 3967 716 4073 Nn,
745 3971 931 4083 partieris
963 3967 1112 4058 infinite
1140 3995 1258 4086 parva
1278 4001 1331 4058 nr
1362 3971 1535 4063 auxiffe:
1568 3977 1754 4088 quoniam
1784 3970 1888 4058 enirn

485 4082 567 4168 boc
587 4085 713 4172 modo
732 4111 818 4175 tuta
843 4084 1009 4174 mutatio
1022 4089 1133 4174 unica
1149 4087 1377 4178 conditione
1396 4089 1694 4192 determinatur,
1711 4117 1781 4203 per
1800 4113 1889 4174 eam

483 4193 588 4281 effici
609 4205 774 4316 nequit,
801 4228 846 4289 ut
866 4225 946 4290 mm
968 4207 1180 4319 proprietas
1204 4210 1418 4294 communis
1454 4207 1492 4294 B
1514 4211 1552 4292 in
1582 4202 1699 4322 ipsam
1731 4228 1887 4290 curram

482 4317 527 4398 ac
552 4313 789 4404 immutatam
814 4321 1009 4430 equaliter
1035 4347 1259 4436 competat,
1283 4355 1399 4440 quam
1423 4325 1582 4410 maximi
1604 4321 1804 4408 minimive
1819 4347 1889 4406 ex·

480 4428 621 4547 pteffio
641 4435 701 4524 Α,
758 4431 966 4556 roitea
995 4443 1250 4532 mutationem
1276 4441 1539 4536 adhibendam
1566 4441 1669 4531 binis
1686 4435 1888 4646 congign-

1843 4576 1888 4642 ud

1319 4667 1368 4687 bd
