4284 5600
468 499 670 594 190'
864 503 976 572 DE
1063 478 1693 573 ΜΕ.ΤΗ.ὂῇὂ“’

468 643 672 758 sraeqnatio
684 644 814 758 prodit
829 646 947 746 finita,
961 672 1041 730 tum
1055 674 1215 760 quoque
1229 673 1345 732 ctnva
1358 644 1598 759 penitusjam
1611 635 1874 725 erirdeterms

460 791 576 852 nata3
593 763 779 876 squidem
794 767 892 847 tatio
908 765 1005 848 inter
1028 804 1054 846 a
1081 765 1161 848 &C
1199 769 1253 850 ita
1275 762 1500 862 definiatur,
1538 782 1580 842 ut
1602 755 1785 870 expressio
1812 755 1880 844 W

464 885 600 964 datum
617 884 780 994 'recipiat
808 880 1040 966 valoremB
1067 886 1105 964 in
1130 909 1245 966 curva
1275 884 1458 977 inventa,
1492 904 1609 991 quam
1641 875 1874 962 determina-

466 989 614 1082 tionem
643 1024 832 1109 perpetuo
848 999 1022 1083 adhiberi
1045 1002 1238 1112 ponimus.
1300 997 1341 1083 Si
1365 997 1531 1112 aequatio
1553 996 1769 1078 inveniatur
1798 991 1873 1076 dis-

462 1115 671 1199 serenrialis
693 1113 844 1200 secundi
867 1118 1017 1228 gradus,
1042 1143 1123 1199 tum
1139 1117 1292 1200 duobus
1311 1117 1457 1228 punctis
1480 1139 1596 1198 curva
1622 1113 1778 1196 inventa
1801 1111 1872 1195 dc-

459 1233 750 1324 ·rerminabitur;
772 1263 982 1346 congruum
1003 1249 1131 1318 antem
1157 1261 1202 1318 ac
1225 1262 1334 1317 more
1351 1257 1549 1342 receptum
1579 1231 1633 1313 est
1656 1222 1759 1342 ipsos
1790 1257 1871 1312 cur·

462 1381 522 1434 vae
541 1354 727 1434 terminos
749 1381 772 1434 a
795 1359 835 1436 δι
868 1383 889 1434 z
914 1347 1121 1462 praescribi,
1154 1345 1286 1465 hisque
1306 1349 1450 1433 cafibus
1465 1345 1672 1433 Problema
1690 1345 1872 1433 determi-

460 1467 634 1560 nabitur,
656 1468 682 1550 st
706 1467 882 1552 conditio
904 1471 970 1552 isia
992 1470 1244 1583 adjungatur,
1267 1493 1310 1552 nt
1336 1493 1450 1550 curva
1471 1463 1621 1578 quaefita
1649 1463 1872 1548 innodatos

458 1587 651 1668 terminos
674 1583 752 1668 a&
774 1615 796 1668 z
818 1587 1075 1670 contineatur.
1139 1585 1206 1670 Sin
1228 1611 1358 1672 autem
1381 1584 1549 1697 aquatio
1569 1579 1732 1694 prodeat
1759 1577 1870 1664 disse·

463 1702 631 1784 rentialis
655 1704 779 1813 quarti
807 1702 974 1814 gradus,
999 1727 1081 1786 tum
1101 1729 1266 1816 quat-nor
1286 1704 1434 1814 puntiis
1457 1728 1529 1812 pto
1551 1699 1677 1782 lubitu
1714 1693 1869 1810 asigna-

460 1821 527 1913 tis,
540 1845 655 1901 curva
673 1813 901 1910 satisfaciens
921 1819 1240 1903 determinabitur
1256 1852 1267 1912 ς
1290 1821 1370 1902 haec
1398 1817 1513 1930 igitur
1535 1813 1683 1902 definiri
1701 1816 1755 1898 ita
1774 1841 1870 1900 con-

463 1937 621 2032 veniet,
654 1960 719 2033 ut,
742 1963 878 2047 praeter
901 1939 1085 2020 terminos
1110 1961 1309 2021 extremos
1327 1962 1349 2022 a
1367 1940 1409 2022 oc
1428 1961 1474 2032 z,
1496 1931 1604 2018 smol
1621 1930 1763 2046 pofitio
1785 1953 1869 2018 tan·

461 2054 636 2162 gentium
670 2054 710 2134 in
762 2054 821 2134 his
860 2054 1031 2137 terminis
1110 2048 1352 2138 taescribatur.
1420 2049 1488 2137 Sin
1531 2052 1777 2163 perveniatur
1817 2048 1868 2134 ad

457 2169 717 2281 aquationem
747 2167 1038 2256 differentialem
1066 2083 1157 2254 ἐκεῖ
1172 2169 1332 2284 gradus,
1358 2193 1441 2254 tum
1455 2195 1576 2256 turta
1595 2197 1664 2280 pet
1684 2161 1748 2259 sex
1764 2195 1870 2280 qut·

455 2313 612 2397 cunque
635 2291 774 2398 punoia
796 2286 1142 2372 determinabitur:
1164 2317 1299 2373 eorum
1333 2311 1461 2371 autem
1475 2287 1567 2370 loco
1601 2279 1870 2398 prescribipo-

456 2425 588 2485 terunt
611 2405 737 2514 primo
758 2405 878 2488 ambo
906 2407 1057 2490 termini
1088 2433 1109 2488 a
1136 2413 1175 2490 δι
1194 2435 1240 2506 z,
1268 2429 1357 2490 tum
1382 2403 1524 2516 positio
1560 2401 1796 2516 tangentium
1826 2401 1868 2486 in

456 2519 516 2600 his
539 2519 738 2622 terminis,
765 2548 811 2606 ac
830 2524 947 2609 tertio
974 2523 1147 2607 corvedo
1169 2527 1208 2609 in
1233 2523 1292 2620 his
1316 2521 1401 2634 ipsas
1424 2522 1521 2606 locis
1547 2514 1612 2605 seu
1639 2519 1737 2606 radii
1757 2512 1865 2602 oseu-

456 2636 488 2717 li
513 2638 716 2746 quantitas.
776 2633 858 2724 His
877 2639 991 2751 igitur
1013 2641 1181 2740 notatis,
1219 2640 1452 2752 intelligetur
1490 2665 1538 2723 ex
1564 2631 1640 2750 ipsa
1661 2635 1866 2722 Solutiooe

456 2745 672 2857 eujusmodi
699 2754 875 2838 conditio
901 2755 952 2838 ad
971 2751 1229 2841 Problematis
1256 2751 1437 2870 cujusque
1466 2753 1767 2868 propofitionem
1794 2749 1865 2836 ad·

456 2868 564 2980 jungi
588 2868 759 2969 debeat,
783 2893 826 2955 ut
847 2871 888 2956 id
917 2869 984 2956 fiat
1009 2873 1161 2982 penitus
1184 2873 1478 2960 determinatum
1505 2909 1514 2956 ε
1547 2873 1703 2986 hacque
1726 2867 1866 2964 adma-

456 2985 579 3084 nitio,
608 3013 688 3069 non
719 2981 842 3074 solum
871 2983 962 3088 hic,
990 2984 1196 3076 sedetiam
1230 2991 1270 3076 in
1308 2985 1514 3085 Methodo
1539 2984 1716 3086 ,absoluta
1747 3010 1864 3108 atque

453 3103 604 3217 reliqna
627 3097 835 3212 Methodo
851 3107 1039 3212 relativa,
1063 3109 1196 3196 lotum
1211 3109 1345 3204 habet,

745 3445 749 3452 ·
849 3397 1252 3470 SCHOLION
1297 3399 1387 3467 111.

467 3659 475 3674 .
514 3612 534 3696 3
541 3613 585 3684 9.
617 3577 837 3670 Discrimen
857 3582 921 3670 nn:
955 3587 1072 3672 etlam
1107 3555 1264 3674 maximi
1300 3587 1490 3675 momenti
1512 3584 1682 3702 Inprimis
1711 3581 1766 3668 est
1785 3585 1862 3664 no³

452 3704 638 3804 tandum,
667 3731 715 3786 ex
745 3731 826 3815 quo
865 3704 904 3786 in
938 3699 1144 3790 Methodo
1174 3700 1348 3792 absoluta
1383 3707 1596 3819 primatiam
1628 3697 1862 3786 uitiationis

452 3824 706 3932 partitionem
721 3814 979 3906 desumimus.
1040 3817 1226 3908 Consistit
1240 3821 1282 3906 id
1296 3847 1423 3908 autem
1445 3825 1484 3906 in
1506 3819 1652 3918 modo,
1677 3842 1760 3929 quo
1774 3841 1861 3898 tut·

451 3965 501 4018 aa
526 3942 682 4024 inventa
708 3935 928 4046 Quaestioni
950 3933 1138 4022 satisfacit.
1177 3936 1276 4030 Fieri
1291 3942 1395 4026 enim
1423 3939 1571 4053 potest,
1593 3960 1635 4022 ut
1661 3937 1744 4042 ejus
1757 3959 1863 4046 qua·

452 4077 603 4166 cunque
631 4057 762 4166 portio
780 4055 831 4140 ad
862 4051 1054 4143 abscissam
1077 4053 1314 4142 indefinitam
1344 4059 1461 4142 relata
1482 4053 1668 4168 requisita.
1686 4051 1860 4162 proprit-

449 4195 529 4253 tate
557 4173 742 4281 gandeatr
780 4173 923 4260 deinde
957 4175 1079 4258 etiam
1116 4172 1254 4259 dantur
1280 4169 1414 4266 taius,
1457 4174 1601 4286 quibus
1636 4165 1786 4254 nonnis
1811 4183 1858 4246 ea

448 4288 580 4398 portio
606 4315 689 4398 qua:
710 4290 875 4374 definita
899 4285 1058 4376 abscissae
1092 4286 1186 4376 ΑΖ
1207 4327 1275 4366 z
1300 4323 1325 4374 a
1364 4285 1597 4404 respondet,
1637 4277 1857 4374 conditioni

448 4401 704 4494 problematis
734 4399 942 4490 satisfaciat.
1003 4401 1105 4490 iliud
1137 4401 1281 4492 scilicet
1306 4409 1462 4508 evenit,
1495 4407 1522 4488 st
1549 4404 1740 4517 quantitas
1777 4395 1857 4478 naec

445 4557 469 4604 a
499 4526 536 4604 in
574 4523 857 4636 aequationem,
893 4547 1009 4635 qnam
1033 4519 1188 4605 Solutio
1216 4519 1456 4635 suppeditat,
1483 4521 1547 4608 ael
1582 4517 1744 4604 omnino
1774 4537 1857 4594 non

445 4640 679 4752 ingreditur,
716 4641 781 4740 vel
818 4641 858 4725 in
894 4637 1125 4752 quantitates
1156 4640 1433 4730 arbitrarium
1453 4641 1540 4729 &C
1577 4625 1858 4748 comprehendi

1724 4767 1855 4868 queat.
