4284 5600
462 486 543 569 132
899 467 1002 538 na
1056 460 1479 560 srsrnooo

457 631 593 754 postti,
624 618 833 710 convenire
857 645 945 704 cum
973 613 1178 700 Solutione
1197 615 1606 724 hujusProblematis,
1634 621 1742 736 quo,
1770 621 1876 720 inter
1977 631 1983 639 “

458 778 595 842 omnes
615 745 778 832 omnino
806 765 938 824 curvas
955 735 1083 825 eidem
1105 731 1263 821 abscillae
1284 733 1378 824 AZ
1401 735 1699 854 respondentes,
1742 748 1872 858 requi·

459 899 560 958 ratur
596 893 641 950 ea
681 889 765 972 quat
802 858 943 942 hebeat
983 889 1010 934 a
1030 855 1074 940 V
1090 867 1139 950 -l-
1163 854 1271 940 cW
1303 859 1514 944 maximum
1552 861 1616 943 vel
1654 861 1870 948 minimum.

460 989 565 1096 Qut
597 981 779 1094 quaestio,
808 976 875 1062 etst
904 974 953 1058 ad
971 970 1217 1062 Methodum
1252 971 1468 1062 absolutam
1500 981 1714 1094 pertineat,
1740 1003 1871 1066 tamen

461 1108 528 1194 slat
547 1100 806 1219 aequationem
836 1092 954 1201 adA
972 1108 1022 1191 l-
1044 1101 1066 1182 G
1086 1091 1158 1176 ΑΒ
1179 1129 1246 1170 2
1265 1128 1315 1196 0,
1338 1123 1453 1212 quam
1473 1093 1590 1213 ipsam
1611 1097 1843 1184 invenimus.

862 1327 1512 1434 sentations.¹

528 1593 592 1670 37.
625 1552 685 1642 Ex
713 1549 772 1634 his
792 1547 906 1662 igitur
924 1581 1004 1636 non
1030 1545 1153 1636 solum
1173 1544 1398 1637 Methodus
1419 1549 1538 1636 facilis
1557 1573 1674 1667 atque
1693 1551 1874 1666 expedita
1940 1603 1961 1634 t

466 1679 672 1791 colligitur,
685 1695 823 1754 omnes
845 1667 1094 1782 Quaestiones
1118 1671 1194 1752 huc
1214 1671 1448 1780 pertinentes
1470 1666 1707 1761 resolvendis
1738 1699 1876 1756 vetum

466 1801 586 1884 etiarn
625 1812 756 1880 natura
783 1785 895 1895 hujus
929 1790 1078 1900 generis
1108 1783 1401 1872 Problematum
1426 1790 1591 1898 penitius
1618 1782 1871 1900 cognoscitur.

467 1908 711 2008 Primoenim
725 1927 905 2016 apparet,
927 1903 1036 2016 quod
1054 1907 1130 2010 jam
1143 1899 1249 2014 supra
1263 1903 1617 2004 demonstravimus,
1630 1903 1874 1990 Solutionem

470 2027 633 2118 eandem
656 2021 764 2120 sote,
795 2019 895 2118 five,
919 2021 1017 2107 inter
1034 2049 1169 2106 omnes
1192 2049 1326 2106 curvas
1341 2026 1538 2140 communi
1562 2023 1796 2136 proprietate
1817 2017 1882 2112 W

468 2143 665 2262 preditas,
706 2162 890 2250 quaeratur
915 2165 961 2256 ea
988 2167 1073 2252 quae
1102 2139 1244 2224 habeat
1275 2139 1317 2224 V
1334 2143 1546 2226 maximum
1568 2142 1632 2226 vel
1652 2142 1851 2223 minimum
1862 2171 1878 2229 t

468 2266 546 2350 stve
575 2249 743 2355 inverse,
769 2255 867 2341 inter
895 2285 1030 2342 omnes
1058 2285 1192 2342 curvas
1222 2261 1419 2344 communi
1446 2259 1678 2372 proprietate
1714 2257 1760 2342 V
1784 2285 1878 2366 prae·

470 2385 594 2478 ditas,
619 2405 663 2462 ea
681 2375 896 2486 requiratur
913 2377 955 2458 in
982 2402 1058 2488 qua
1081 2373 1124 2460 stt
1149 2363 1216 2461 W
1233 2379 1440 2462 maximum
1463 2379 1526 2462 vel
1546 2378 1757 2462 minimum.
1786 2367 1878 2460 De·

471 2497 561 2583 inde
581 2497 697 2580 etiam
721 2493 968 2606 intelligitur,
998 2487 1267 2604 Qtaeslionem
1294 2499 1348 2582 ita
1369 2497 1538 2612 proponi
1562 2490 1691 2608 posse,
1723 2519 1767 2578 ut
1796 2497 1882 2598 ejus.

471 2615 625 2702 Solutio
653 2608 707 2694 ad
743 2605 985 2729 Methodum
1023 2614 1278 2698 maximorum
1315 2642 1359 2700 ac
1382 2615 1628 2699 minimorum
1663 2606 1880 2694 absolutam

471 2731 685 2844 pertineam
713 2727 891 2836 congruit
928 2729 1030 2810 enim
1045 2723 1253 2814 Problema
1288 2731 1525 2844 propofitum
1544 2757 1629 2815 eum
1647 2729 1746 2826 hoe,
1761 2753 1876 2840 quo,

474 2852 573 2932 inter
596 2867 732 2926 ornnes
766 2845 930 2944 omnino
953 2870 1086 2932 curvas
1115 2845 1166 2930 ad
1190 2845 1353 2932 eandem
1372 2842 1561 2932 abscissam
1602 2843 1686 2934 Aa
1715 2845 1876 2941 relatas,

471 2963 674 3076 requiritur
697 2959 802 3044 eain
835 2969 910 3070 qua
936 2957 979 3044 fit
999 2961 1066 3046 illa
1088 2961 1272 3076 expressio
1292 2967 1373 3052 all
1383 2973 1440 3062 ’4-
1462 2967 1484 3048 C
1502 2964 1571 3054 W
1584 2964 1792 3050 maximum
1813 2959 1879 3062 vel

472 3083 704 3168 minimum
740 3101 862 3190 atque
893 3079 973 3164 haec
993 3073 1248 3167 Problematis
1292 3080 1576 3170 transformatio
1595 3085 1636 3170 in
1659 3073 1838 3168 causaest
1864 3132 1882 3173 ,

473 3197 584 3312 quoti
604 3193 758 3280 Solutio
778 3223 846 3306 per
866 3198 1018 3282 valores
1037 3197 1306 3288 differentiales
1329 3231 1376 3289 ex
1397 3203 1508 3291 unica
1529 3199 1714 3315 particula
1733 3227 1781 3284 nr
1800 3197 1880 3282 oriss

475 3315 602 3398 ttndos
634 3309 764 3421 perfici
786 3336 928 3420 queat,
953 3342 1082 3426 neque
1116 3319 1280 3428 amplius
1320 3347 1418 3430 opus
1450 3317 1494 3406 stt
1524 3319 1619 3405 duas
1662 3311 1882 3428 hujusmodi

477 3429 677 3544 particulas
703 3425 964 3528 confiderare,
989 3434 1118 3536 prouti
1138 3435 1264 3546 primo
1302 3437 1443 3525 intuitu
1476 3461 1609 3524 natura
1640 3433 1887 3544 Quaeslionis
1917 3469 1924 3486 ·

475 3546 665 3661 postulare
694 3541 913 3627 videbatur..
940 3652 943 3662 ,
968 3541 1088 3632 Hanc
1105 3574 1233 3636 autem
1258 3555 1569 3641 convenientiam
1597 3547 1843 3668 postmodum
1862 3607 1883 3648 „

478 3694 545 3777 per
565 3657 600 3747 se
614 3725 631 3752 ,.
650 3686 693 3744 ac
721 3659 798 3743 stne
819 3661 886 3744 ista
906 3655 1112 3749 Methodo
1133 3695 1208 3780 qua
1226 3669 1326 3755 binae
1359 3672 1550 3788 particulae
1570 3667 1881 3758 confidentem,

388 3789 392 3795 “
476 3779 847 3869 demonstrabimuss
887 3807 969 3890 quo
999 3785 1139 3868 veritas
1164 3787 1266 3886 haec,
1289 3779 1428 3874 summi
1451 3790 1580 3874 inillo
1608 3784 1771 3899 negotio
1790 3813 1878 3868 mo·

477 3904 621 3996 menti,
656 3898 775 4011 magis
818 3895 1078 3984 confirmetur.
1140 3895 1213 3986 Ad*
1250 3897 1644 3996 solvendnscaetetum
1660 3893 1881 4012 hujusmodi

480 4012 749 4120 Quuliiones,
773 4039 863 4102 ante
886 4016 1023 4100 oculos
1043 4017 1185 4105 habete
1209 4045 1366 4136 oportet
1393 4049 1581 4140 praecepta
1608 4017 1755 4135 Capite
1787 4047 1881 4132 prra-

479 4131 641 4216 eedente
660 4131 700 4216 in
734 4133 1009 4246 compendium
1031 4134 1181 4223 redaela
1199 4171 1216 4230 t·
1239 4167 1405 4254 quotum
1426 4173 1505 4258 ope
1525 4143 1676 4228 valores
1702 4135 1880 4230 differen-

477 4248 585 4330 tiales
628 4277 940 4362 quarumcunque
981 4253 1257 4366 expressionum
1293 4261 1456 4346 inveniri
1492 4285 1687 4377 poterunt.
1748 4249 1886 4346 Primo·

479 4367 609 4464 enim,
657 4367 734 4472 §.7
778 4369 876 4450 illius
908 4364 1061 4480 Capitis
1090 4370 1329 4464 recensentur
1354 4369 1504 4479 Casus,
1528 4378 1671 4490 quibus
1698 4373 1881 4464 formula-

478 4511 562 4568 rum
612 4482 853 4594 integralium
899 4477 1151 4576 solitariarum-
1186 4495 1340 4583 valotes
1383 4499 1644 4610 exhibentur:
1675 4523 1759 4582 tum
1784 4519 1887 4580 veto.-

479 4611 515 4705 Sa
545 4627 596 4715 3¹1
630 4599 790 4690 traditur
820 4593 1047 4694 Methodus„
1072 4607 1296 4704 invettIettdi
1330 4617 1482 4706 valores
1514 4611 1786 4706 differentiales
1778 4638 1882 4818 essep}

1731 4759 1776 4846 tr
1866 4773 1894 4804 ¹*
