<?xml version="1.0" encoding="UTF-8"?>
<!DOCTYPE html PUBLIC "-//W3C//DTD XHTML 1.0 Transitional//EN"
    "http://www.w3.org/TR/xhtml1/DTD/xhtml1-transitional.dtd">
<html xmlns="http://www.w3.org/1999/xhtml" xml:lang="en" lang="en">
 <head>
  <title>
</title>
<meta http-equiv="Content-Type" content="text/html;charset=utf-8" />
  <meta name='ocr-system' content='tesseract 3.04.00' />
  <meta name='ocr-capabilities' content='ocr_page ocr_carea ocr_par ocr_line ocrx_word'/>
</head>
<body>
  <div class='ocr_page' id='page_1' title='image "./methodusinvenie00eulegoog_0239.png"; bbox 0 0 4284 5600; ppageno 0'>
   <div class='ocr_carea' id='block_1_1' title="bbox 386 425 1415 534">
    <p class='ocr_par' dir='ltr' id='par_1_1' title="bbox 386 425 1415 534">
     <span class='ocr_line' id='line_1_1' title="bbox 386 425 1415 534; baseline 0.004 -38"><span class='ocrx_word' id='word_1_1' title='bbox 386 425 474 534; x_wconf 53' lang='lat'>2⁴30</span> <span class='ocrx_word' id='word_1_2' title='bbox 843 427 944 498; x_wconf 84' lang='lat' dir='ltr'>DE</span> <span class='ocrx_word' id='word_1_3' title='bbox 1001 425 1415 501; x_wconf 78' lang='lat' dir='ltr'><em>MEYHODO</em></span> 
     </span>
    </p>
   </div>
   <div class='ocr_carea' id='block_1_2' title="bbox 274 563 1851 2917">
    <p class='ocr_par' dir='ltr' id='par_1_2' title="bbox 274 563 1867 1984">
     <span class='ocr_line' id='line_1_2' title="bbox 274 563 1796 695; baseline 0.006 -36"><span class='ocrx_word' id='word_1_4' title='bbox 274 620 280 632; x_wconf 95' lang='lat'><strong>·</strong></span> <span class='ocrx_word' id='word_1_5' title='bbox 383 602 480 662; x_wconf 92' lang='lat' dir='ltr'>nem</span> <span class='ocrx_word' id='word_1_6' title='bbox 502 567 714 692; x_wconf 85' lang='lat' dir='ltr'>scrupulum</span> <span class='ocrx_word' id='word_1_7' title='bbox 740 565 897 662; x_wconf 80' lang='lat' dir='ltr'>adimet.</span> <span class='ocrx_word' id='word_1_8' title='bbox 960 572 1155 679; x_wconf 84' lang='lat' dir='ltr'>Deinde,</span> <span class='ocrx_word' id='word_1_9' title='bbox 1188 575 1214 662; x_wconf 87' lang='lat' dir='ltr'>fi</span> <span class='ocrx_word' id='word_1_10' title='bbox 1249 579 1334 692; x_wconf 87' lang='lat' dir='ltr'>quis</span> <span class='ocrx_word' id='word_1_11' title='bbox 1359 577 1410 664; x_wconf 89' lang='lat' dir='ltr'>de</span> <span class='ocrx_word' id='word_1_12' title='bbox 1431 568 1619 690; x_wconf 81' lang='lat' dir='ltr'>praesentis</span> <span class='ocrx_word' id='word_1_13' title='bbox 1641 563 1796 695; x_wconf 66' lang='lat' dir='ltr'>Propo-¹</span> 
     </span>
     <span class='ocr_line' id='line_1_3' title="bbox 387 691 1796 797; baseline 0.004 -19"><span class='ocrx_word' id='word_1_14' title='bbox 387 693 535 782; x_wconf 80' lang='lat' dir='ltr'>fitionis</span> <span class='ocrx_word' id='word_1_15' title='bbox 566 691 816 781; x_wconf 80' lang='lat' dir='ltr'>converfione</span> <span class='ocrx_word' id='word_1_16' title='bbox 847 697 884 779; x_wconf 94' lang='lat' dir='ltr'>in</span> <span class='ocrx_word' id='word_1_17' title='bbox 916 691 1070 784; x_wconf 90' lang='lat' dir='ltr'>Coroll.</span> <span class='ocrx_word' id='word_1_18' title='bbox 1113 731 1129 782; x_wconf 91' lang='lat'>1</span> <span class='ocrx_word' id='word_1_19' title='bbox 1167 695 1263 782; x_wconf 68' lang='lat' dir='ltr'>fasta</span> <span class='ocrx_word' id='word_1_20' title='bbox 1296 695 1508 782; x_wconf 76' lang='lat' dir='ltr'>etiamnum</span> <span class='ocrx_word' id='word_1_21' title='bbox 1537 696 1724 797; x_wconf 91' lang='lat' dir='ltr'>dubitet,</span> <span class='ocrx_word' id='word_1_22' title='bbox 1757 703 1796 786; x_wconf 88' lang='lat' dir='ltr'>ei</span> 
     </span>
     <span class='ocr_line' id='line_1_4' title="bbox 386 809 1795 924; baseline 0.003 -28"><span class='ocrx_word' id='word_1_23' title='bbox 386 820 493 922; x_wconf 88' lang='lat' dir='ltr'>prior</span> <span class='ocrx_word' id='word_1_24' title='bbox 518 811 739 900; x_wconf 86' lang='lat' dir='ltr'>Methodus</span> <span class='ocrx_word' id='word_1_25' title='bbox 764 813 969 924; x_wconf 82' lang='lat' dir='ltr'>pleniffime</span> <span class='ocrx_word' id='word_1_26' title='bbox 992 809 1204 902; x_wconf 78' lang='lat' dir='ltr'>satisfaciet.</span> <span class='ocrx_word' id='word_1_27' title='bbox 1264 809 1422 899; x_wconf 86' lang='lat' dir='ltr'>Interim</span> <span class='ocrx_word' id='word_1_28' title='bbox 1443 816 1544 898; x_wconf 88' lang='lat' dir='ltr'>tatio</span> <span class='ocrx_word' id='word_1_29' title='bbox 1576 815 1795 900; x_wconf 79' lang='lat' dir='ltr'>converfio·</span> 
     </span>
     <span class='ocr_line' id='line_1_5' title="bbox 388 927 1796 1046; baseline 0.001 -29"><span class='ocrx_word' id='word_1_30' title='bbox 388 936 450 1017; x_wconf 83' lang='lat' dir='ltr'>nis</span> <span class='ocrx_word' id='word_1_31' title='bbox 470 943 517 1018; x_wconf 82' lang='lat' dir='ltr'>ex</span> <span class='ocrx_word' id='word_1_32' title='bbox 553 929 588 1018; x_wconf 85' lang='lat' dir='ltr'>se</span> <span class='ocrx_word' id='word_1_33' title='bbox 611 929 805 1017; x_wconf 85' lang='lat' dir='ltr'>satistuto</span> <span class='ocrx_word' id='word_1_34' title='bbox 835 931 960 1016; x_wconf 80' lang='lat' dir='ltr'>inserti</span> <span class='ocrx_word' id='word_1_35' title='bbox 985 935 1122 1043; x_wconf 89' lang='lat' dir='ltr'>potest.</span> <span class='ocrx_word' id='word_1_36' title='bbox 1202 927 1310 1016; x_wconf 90' lang='lat' dir='ltr'>Cum</span> <span class='ocrx_word' id='word_1_37' title='bbox 1335 934 1439 1019; x_wconf 92' lang='lat' dir='ltr'>enim</span> <span class='ocrx_word' id='word_1_38' title='bbox 1466 959 1582 1016; x_wconf 88' lang='lat' dir='ltr'>curva</span> <span class='ocrx_word' id='word_1_39' title='bbox 1601 937 1677 1046; x_wconf 69' lang='lat' dir='ltr'>Q,</span> <span class='ocrx_word' id='word_1_40' title='bbox 1710 961 1796 1046; x_wconf 73' lang='lat' dir='ltr'>qua</span> 
     </span>
     <span class='ocr_line' id='line_1_6' title="bbox 391 1047 1798 1145; baseline -0.001 -10"><span class='ocrx_word' id='word_1_41' title='bbox 391 1054 491 1138; x_wconf 88' lang='lat' dir='ltr'>inter</span> <span class='ocrx_word' id='word_1_42' title='bbox 511 1079 646 1137; x_wconf 90' lang='lat' dir='ltr'>omnes</span> <span class='ocrx_word' id='word_1_43' title='bbox 668 1050 830 1135; x_wconf 89' lang='lat' dir='ltr'>omnino</span> <span class='ocrx_word' id='word_1_44' title='bbox 850 1077 983 1135; x_wconf 86' lang='lat' dir='ltr'>curvas</span> <span class='ocrx_word' id='word_1_45' title='bbox 1000 1051 1140 1136; x_wconf 86' lang='lat' dir='ltr'>habeat</span> <span class='ocrx_word' id='word_1_46' title='bbox 1157 1049 1242 1136; x_wconf 73' lang='lat' dir='ltr'>uA</span> <span class='ocrx_word' id='word_1_47' title='bbox 1259 1061 1306 1145; x_wconf 82' lang='lat'>÷</span> <span class='ocrx_word' id='word_1_48' title='bbox 1330 1047 1398 1134; x_wconf 75' lang='lat' dir='ltr'>CB</span> <span class='ocrx_word' id='word_1_49' title='bbox 1413 1049 1622 1132; x_wconf 82' lang='lat' dir='ltr'>maximum</span> <span class='ocrx_word' id='word_1_50' title='bbox 1648 1051 1712 1136; x_wconf 88' lang='lat' dir='ltr'>vel</span> <span class='ocrx_word' id='word_1_51' title='bbox 1725 1053 1798 1134; x_wconf 88' lang='lat' dir='ltr'>mi-</span> 
     </span>
     <span class='ocr_line' id='line_1_7' title="bbox 390 1167 1796 1276; baseline 0 -26"><span class='ocrx_word' id='word_1_52' title='bbox 390 1171 571 1268; x_wconf 89' lang='lat' dir='ltr'>nimum,</span> <span class='ocrx_word' id='word_1_53' title='bbox 604 1170 655 1250; x_wconf 84' lang='lat' dir='ltr'>ita</span> <span class='ocrx_word' id='word_1_54' title='bbox 681 1167 723 1249; x_wconf 84' lang='lat' dir='ltr'>fit</span> <span class='ocrx_word' id='word_1_55' title='bbox 751 1193 993 1276; x_wconf 87' lang='lat' dir='ltr'>comparata,</span> <span class='ocrx_word' id='word_1_56' title='bbox 1016 1191 1058 1252; x_wconf 92' lang='lat' dir='ltr'>ut</span> <span class='ocrx_word' id='word_1_57' title='bbox 1090 1171 1189 1253; x_wconf 89' lang='lat' dir='ltr'>inter</span> <span class='ocrx_word' id='word_1_58' title='bbox 1217 1193 1352 1254; x_wconf 80' lang='lat' dir='ltr'>omnes</span> <span class='ocrx_word' id='word_1_59' title='bbox 1371 1191 1509 1252; x_wconf 65' lang='lat' dir='ltr'>&#39;curans</span> <span class='ocrx_word' id='word_1_60' title='bbox 1528 1167 1666 1251; x_wconf 83' lang='lat' dir='ltr'>eadem</span> <span class='ocrx_word' id='word_1_61' title='bbox 1689 1195 1796 1254; x_wconf 89' lang='lat' dir='ltr'>tom-</span> 
     </span>
     <span class='ocr_line' id='line_1_8' title="bbox 390 1282 1797 1398; baseline -0.004 -26"><span class='ocrx_word' id='word_1_62' title='bbox 390 1286 499 1372; x_wconf 88' lang='lat' dir='ltr'>muni</span> <span class='ocrx_word' id='word_1_63' title='bbox 517 1285 751 1398; x_wconf 81' lang='lat' dir='ltr'>proprietate</span> <span class='ocrx_word' id='word_1_64' title='bbox 778 1282 827 1366; x_wconf 84' lang='lat' dir='ltr'><em>A</em></span> <span class='ocrx_word' id='word_1_65' title='bbox 853 1285 1095 1398; x_wconf 80' lang='lat' dir='ltr'>gaudentes,</span> <span class='ocrx_word' id='word_1_66' title='bbox 1128 1287 1268 1372; x_wconf 88' lang='lat' dir='ltr'>habeat</span> <span class='ocrx_word' id='word_1_67' title='bbox 1298 1282 1564 1369; x_wconf 81' lang='lat' dir='ltr'>Bmaximum</span> <span class='ocrx_word' id='word_1_68' title='bbox 1588 1283 1652 1368; x_wconf 88' lang='lat' dir='ltr'>vel</span> <span class='ocrx_word' id='word_1_69' title='bbox 1683 1285 1797 1368; x_wconf 90' lang='lat' dir='ltr'>mini-</span> 
     </span>
     <span class='ocr_line' id='line_1_9' title="bbox 393 1397 1797 1517; baseline -0.003 -30"><span class='ocrx_word' id='word_1_70' title='bbox 393 1430 521 1501; x_wconf 91' lang='lat' dir='ltr'>mum,</span> <span class='ocrx_word' id='word_1_71' title='bbox 552 1400 739 1517; x_wconf 89' lang='lat' dir='ltr'>quiequid</span> <span class='ocrx_word' id='word_1_72' title='bbox 761 1403 854 1486; x_wconf 87' lang='lat' dir='ltr'>loco</span> <span class='ocrx_word' id='word_1_73' title='bbox 879 1439 907 1485; x_wconf 72' lang='lat' dir='ltr'><em>a</em></span> <span class='ocrx_word' id='word_1_74' title='bbox 925 1409 964 1486; x_wconf 78' lang='lat' dir='ltr'>ac</span> <span class='ocrx_word' id='word_1_75' title='bbox 986 1405 1254 1516; x_wconf 72' lang='lat' dir='ltr'>Caccipiaturt</span> <span class='ocrx_word' id='word_1_76' title='bbox 1286 1397 1433 1487; x_wconf 70' lang='lat' dir='ltr'>neeesse</span> <span class='ocrx_word' id='word_1_77' title='bbox 1457 1402 1510 1485; x_wconf 87' lang='lat' dir='ltr'>est</span> <span class='ocrx_word' id='word_1_78' title='bbox 1534 1426 1575 1485; x_wconf 93' lang='lat' dir='ltr'>ut</span> <span class='ocrx_word' id='word_1_79' title='bbox 1596 1399 1797 1486; x_wconf 83' lang='lat' dir='ltr'>converfio</span> 
     </span>
     <span class='ocr_line' id='line_1_10' title="bbox 388 1513 1796 1634; baseline -0.002 -31"><span class='ocrx_word' id='word_1_80' title='bbox 388 1547 503 1632; x_wconf 77' lang='lat' dir='ltr'>‚eque</span> <span class='ocrx_word' id='word_1_81' title='bbox 534 1543 688 1630; x_wconf 85' lang='lat' dir='ltr'>pateat,</span> <span class='ocrx_word' id='word_1_82' title='bbox 720 1519 906 1634; x_wconf 74' lang='lat' dir='ltr'>siquidem</span> <span class='ocrx_word' id='word_1_83' title='bbox 942 1517 1246 1608; x_wconf 86' lang='lat' dir='ltr'>co‘efficientibus</span> <span class='ocrx_word' id='word_1_84' title='bbox 1288 1556 1316 1600; x_wconf 72' lang='lat' dir='ltr'>a</span> <span class='ocrx_word' id='word_1_85' title='bbox 1337 1527 1377 1604; x_wconf 91' lang='lat'>&amp;</span> <span class='ocrx_word' id='word_1_86' title='bbox 1407 1513 1592 1602; x_wconf 74' lang='lat' dir='ltr'>Csumma</span> <span class='ocrx_word' id='word_1_87' title='bbox 1624 1515 1796 1601; x_wconf 79' lang='lat' dir='ltr'>extenfio</span> 
     </span>
     <span class='ocr_line' id='line_1_11' title="bbox 393 1629 1796 1749; baseline -0.001 -31"><span class='ocrx_word' id='word_1_88' title='bbox 393 1638 593 1719; x_wconf 82' lang='lat' dir='ltr'>tribuatur.</span> <span class='ocrx_word' id='word_1_89' title='bbox 653 1631 828 1749; x_wconf 89' lang='lat' dir='ltr'>Hocque</span> <span class='ocrx_word' id='word_1_90' title='bbox 848 1635 1289 1738; x_wconf 85' lang='lat' dir='ltr'>adeocommemotare,</span> <span class='ocrx_word' id='word_1_91' title='bbox 1321 1629 1505 1748; x_wconf 86' lang='lat' dir='ltr'>hujusque</span> <span class='ocrx_word' id='word_1_92' title='bbox 1526 1635 1713 1720; x_wconf 84' lang='lat' dir='ltr'>ratiocinii</span> <span class='ocrx_word' id='word_1_93' title='bbox 1727 1659 1796 1716; x_wconf 84' lang='lat' dir='ltr'>va·</span> 
     </span>
     <span class='ocr_line' id='line_1_12' title="bbox 393 1749 1797 1864; baseline -0.002 -27"><span class='ocrx_word' id='word_1_94' title='bbox 393 1753 584 1838; x_wconf 88' lang='lat' dir='ltr'>liditatem</span> <span class='ocrx_word' id='word_1_95' title='bbox 610 1750 802 1839; x_wconf 87' lang='lat' dir='ltr'>declarate</span> <span class='ocrx_word' id='word_1_96' title='bbox 830 1749 950 1838; x_wconf 89' lang='lat' dir='ltr'>visum</span> <span class='ocrx_word' id='word_1_97' title='bbox 976 1756 1057 1856; x_wconf 92' lang='lat' dir='ltr'>est,</span> <span class='ocrx_word' id='word_1_98' title='bbox 1089 1757 1195 1840; x_wconf 89' lang='lat' dir='ltr'>utin</span> <span class='ocrx_word' id='word_1_99' title='bbox 1231 1749 1515 1864; x_wconf 84' lang='lat' dir='ltr'>sequentibus,</span> <span class='ocrx_word' id='word_1_100' title='bbox 1549 1751 1617 1837; x_wconf 89' lang='lat' dir='ltr'>ubi</span> <span class='ocrx_word' id='word_1_101' title='bbox 1653 1750 1797 1838; x_wconf 89' lang='lat' dir='ltr'>eodem</span> 
     </span>
     <span class='ocr_line' id='line_1_13' title="bbox 394 1864 1798 1984; baseline -0.001 -30"><span class='ocrx_word' id='word_1_102' title='bbox 394 1881 577 1968; x_wconf 86' lang='lat' dir='ltr'>utemur,</span> <span class='ocrx_word' id='word_1_103' title='bbox 608 1871 757 1954; x_wconf 88' lang='lat' dir='ltr'>nullum</span> <span class='ocrx_word' id='word_1_104' title='bbox 788 1870 949 1954; x_wconf 90' lang='lat' dir='ltr'>dubium</span> <span class='ocrx_word' id='word_1_105' title='bbox 971 1870 1215 1984; x_wconf 88' lang='lat' dir='ltr'>relinquatur.</span> <span class='ocrx_word' id='word_1_106' title='bbox 1278 1865 1400 1954; x_wconf 87' lang='lat' dir='ltr'>Hanc</span> <span class='ocrx_word' id='word_1_107' title='bbox 1435 1867 1537 1956; x_wconf 89' lang='lat' dir='ltr'>enirn</span> <span class='ocrx_word' id='word_1_108' title='bbox 1560 1864 1798 1980; x_wconf 81' lang='lat' dir='ltr'>Propofitio-</span> 
     </span>
    </p>

    <p class='ocr_par' dir='ltr' id='par_1_3' title="bbox 294 1980 1798 2100">
     <span class='ocr_line' id='line_1_14' title="bbox 294 1980 1798 2100; baseline -0.003 -28"><span class='ocrx_word' id='word_1_109' title='bbox 294 2081 301 2100; x_wconf 55' lang='lat'>‚</span> <span class='ocrx_word' id='word_1_110' title='bbox 393 2013 513 2087; x_wconf 91' lang='lat' dir='ltr'>nem,</span> <span class='ocrx_word' id='word_1_111' title='bbox 544 1984 611 2070; x_wconf 85' lang='lat' dir='ltr'>etfi</span> <span class='ocrx_word' id='word_1_112' title='bbox 637 1985 791 2098; x_wconf 87' lang='lat' dir='ltr'>proprie</span> <span class='ocrx_word' id='word_1_113' title='bbox 807 1985 856 2071; x_wconf 89' lang='lat' dir='ltr'>ad</span> <span class='ocrx_word' id='word_1_114' title='bbox 878 1980 1012 2100; x_wconf 90' lang='lat' dir='ltr'>Caput</span> <span class='ocrx_word' id='word_1_115' title='bbox 1033 1987 1250 2100; x_wconf 79' lang='lat' dir='ltr'>praecedent</span> <span class='ocrx_word' id='word_1_116' title='bbox 1272 1989 1472 2098; x_wconf 81' lang='lat' dir='ltr'>pertinet,</span> <span class='ocrx_word' id='word_1_117' title='bbox 1519 1987 1595 2070; x_wconf 87' lang='lat' dir='ltr'>hut</span> <span class='ocrx_word' id='word_1_118' title='bbox 1614 1987 1798 2068; x_wconf 87' lang='lat' dir='ltr'>transtuli-</span> 
     </span>
    </p>

    <p class='ocr_par' dir='ltr' id='par_1_4' title="bbox 300 2097 1851 2917">
     <span class='ocr_line' id='line_1_15' title="bbox 300 2097 1798 2218; baseline -0.001 -30"><span class='ocrx_word' id='word_1_119' title='bbox 300 2158 304 2166; x_wconf 84' lang='lat'>·</span> <span class='ocrx_word' id='word_1_120' title='bbox 395 2132 510 2202; x_wconf 85' lang='lat' dir='ltr'>mus,</span> <span class='ocrx_word' id='word_1_121' title='bbox 542 2131 626 2216; x_wconf 93' lang='lat' dir='ltr'>quo</span> <span class='ocrx_word' id='word_1_122' title='bbox 646 2099 782 2188; x_wconf 80' lang='lat' dir='ltr'>eidem</span> <span class='ocrx_word' id='word_1_123' title='bbox 806 2097 1015 2188; x_wconf 90' lang='lat' dir='ltr'>Methodo</span> <span class='ocrx_word' id='word_1_124' title='bbox 1041 2105 1239 2218; x_wconf 85' lang='lat' dir='ltr'>proprium</span> <span class='ocrx_word' id='word_1_125' title='bbox 1271 2105 1383 2210; x_wconf 80' lang='lat' dir='ltr'>hujus</span> <span class='ocrx_word' id='word_1_126' title='bbox 1411 2097 1564 2215; x_wconf 78' lang='lat' dir='ltr'>Capitis</span> <span class='ocrx_word' id='word_1_127' title='bbox 1598 2129 1798 2214; x_wconf 85' lang='lat' dir='ltr'>argumen-</span> 
     </span>
     <span class='ocr_line' id='line_1_16' title="bbox 395 2212 1798 2336; baseline 0.001 -34"><span class='ocrx_word' id='word_1_128' title='bbox 395 2245 477 2304; x_wconf 92' lang='lat' dir='ltr'>tum</span> <span class='ocrx_word' id='word_1_129' title='bbox 501 2216 651 2310; x_wconf 79' lang='lat' dir='ltr'>facilius</span> <span class='ocrx_word' id='word_1_130' title='bbox 676 2223 898 2328; x_wconf 70' lang='lat' dir='ltr'>pertradate</span> <span class='ocrx_word' id='word_1_131' title='bbox 925 2219 1129 2333; x_wconf 77' lang='lat' dir='ltr'>poffimust</span> <span class='ocrx_word' id='word_1_132' title='bbox 1162 2223 1307 2336; x_wconf 85' lang='lat' dir='ltr'>quippe</span> <span class='ocrx_word' id='word_1_133' title='bbox 1334 2217 1472 2331; x_wconf 91' lang='lat' dir='ltr'>quod,</span> <span class='ocrx_word' id='word_1_134' title='bbox 1506 2218 1677 2314; x_wconf 72' lang='lat' dir='ltr'>sraitera</span> <span class='ocrx_word' id='word_1_135' title='bbox 1702 2212 1798 2303; x_wconf 88' lang='lat' dir='ltr'>Me-</span> 
     </span>
     <span class='ocr_line' id='line_1_17' title="bbox 393 2334 1800 2451; baseline -0.003 -31"><span class='ocrx_word' id='word_1_136' title='bbox 393 2335 525 2421; x_wconf 90' lang='lat' dir='ltr'>thodo</span> <span class='ocrx_word' id='word_1_137' title='bbox 545 2334 717 2448; x_wconf 83' lang='lat' dir='ltr'>expediri</span> <span class='ocrx_word' id='word_1_138' title='bbox 756 2335 946 2438; x_wconf 81' lang='lat' dir='ltr'>deberet,</span> <span class='ocrx_word' id='word_1_139' title='bbox 977 2336 1242 2450; x_wconf 84' lang='lat' dir='ltr'>prolixiffimos</span> <span class='ocrx_word' id='word_1_140' title='bbox 1265 2337 1474 2451; x_wconf 86' lang='lat' dir='ltr'>requireret</span> <span class='ocrx_word' id='word_1_141' title='bbox 1495 2335 1687 2434; x_wconf 85' lang='lat' dir='ltr'>calculos,</span> <span class='ocrx_word' id='word_1_142' title='bbox 1718 2360 1800 2418; x_wconf 88' lang='lat' dir='ltr'>ma·</span> 
     </span>
     <span class='ocr_line' id='line_1_18' title="bbox 396 2449 1851 2570; baseline -0.003 -29"><span class='ocrx_word' id='word_1_143' title='bbox 396 2449 592 2570; x_wconf 71' lang='lat' dir='ltr'>animasque</span> <span class='ocrx_word' id='word_1_144' title='bbox 619 2449 926 2542; x_wconf 85' lang='lat' dir='ltr'>differentialium</span> <span class='ocrx_word' id='word_1_145' title='bbox 952 2457 1127 2542; x_wconf 89' lang='lat' dir='ltr'>omnium</span> <span class='ocrx_word' id='word_1_146' title='bbox 1159 2453 1340 2540; x_wconf 81' lang='lat' dir='ltr'>ordinum</span> <span class='ocrx_word' id='word_1_147' title='bbox 1368 2455 1490 2539; x_wconf 84' lang='lat' dir='ltr'>tricas.</span> <span class='ocrx_word' id='word_1_148' title='bbox 1553 2449 1710 2538; x_wconf 86' lang='lat' dir='ltr'>Interim</span> <span class='ocrx_word' id='word_1_149' title='bbox 1742 2474 1799 2537; x_wconf 89' lang='lat' dir='ltr'>ta·</span> <span class='ocrx_word' id='word_1_150' title='bbox 1846 2539 1851 2548; x_wconf 79' lang='grc'>,</span> 
     </span>
     <span class='ocr_line' id='line_1_19' title="bbox 396 2567 1800 2684; baseline -0.006 -27"><span class='ocrx_word' id='word_1_151' title='bbox 396 2600 510 2670; x_wconf 88' lang='lat' dir='ltr'>men,</span> <span class='ocrx_word' id='word_1_152' title='bbox 542 2593 728 2684; x_wconf 87' lang='lat' dir='ltr'>quantum</span> <span class='ocrx_word' id='word_1_153' title='bbox 758 2567 840 2655; x_wconf 87' lang='lat' dir='ltr'>fieri</span> <span class='ocrx_word' id='word_1_154' title='bbox 859 2574 1013 2683; x_wconf 90' lang='lat' dir='ltr'>potest,</span> <span class='ocrx_word' id='word_1_155' title='bbox 1045 2571 1216 2658; x_wconf 88' lang='lat' dir='ltr'>dilucide</span> <span class='ocrx_word' id='word_1_156' title='bbox 1242 2569 1488 2658; x_wconf 84' lang='lat' dir='ltr'>ostendemus</span> <span class='ocrx_word' id='word_1_157' title='bbox 1524 2571 1682 2666; x_wconf 88' lang='lat' dir='ltr'>omnia,</span> <span class='ocrx_word' id='word_1_158' title='bbox 1713 2595 1800 2680; x_wconf 82' lang='lat' dir='ltr'>quae</span> 
     </span>
     <span class='ocr_line' id='line_1_20' title="bbox 395 2683 1797 2890; baseline -0.002 -119"><span class='ocrx_word' id='word_1_159' title='bbox 395 2685 461 2890; x_wconf 56' lang='lat' dir='ltr'>hic</span> <span class='ocrx_word' id='word_1_160' title='bbox 479 2687 700 2886; x_wconf 61' lang='lat' dir='ltr'>tradqsmus,</span> <span class='ocrx_word' id='word_1_161' title='bbox 718 2715 789 2814; x_wconf 88' lang='lat' dir='ltr'>pet</span> <span class='ocrx_word' id='word_1_162' title='bbox 810 2684 1057 2788; x_wconf 84' lang='lat' dir='ltr'>Methodum</span> <span class='ocrx_word' id='word_1_163' title='bbox 1072 2683 1304 2812; x_wconf 83' lang='lat' dir='ltr'>superiorem</span> <span class='ocrx_word' id='word_1_164' title='bbox 1323 2685 1537 2776; x_wconf 76' lang='lat' dir='ltr'>corffitmati</span> <span class='ocrx_word' id='word_1_165' title='bbox 1553 2712 1669 2804; x_wconf 85' lang='lat' dir='ltr'>atque</span> <span class='ocrx_word' id='word_1_166' title='bbox 1682 2686 1797 2778; x_wconf 84' lang='lat' dir='ltr'>etiam</span> 
     </span>
     <span class='ocr_line' id='line_1_21' title="bbox 394 2830 1177 2917; baseline -0.001 -29"><span class='ocrx_word' id='word_1_167' title='bbox 394 2830 632 2917; x_wconf 58' lang='lat' dir='ltr'>emme</span> <span class='ocrx_word' id='word_1_168' title='bbox 1173 2857 1177 2866; x_wconf 89' lang='lat'>·</span> 
     </span>
    </p>
   </div>
   <div class='ocr_carea' id='block_1_3' title="bbox 588 3011 1554 3112">
    <p class='ocr_par' dir='ltr' id='par_1_5' title="bbox 588 3011 1554 3112">
     <span class='ocr_line' id='line_1_22' title="bbox 588 3011 1554 3112; baseline 0.006 -8"><span class='ocrx_word' id='word_1_169' title='bbox 588 3061 596 3070; x_wconf 91' lang='lat'>·</span> <span class='ocrx_word' id='word_1_170' title='bbox 656 3011 1554 3112; x_wconf 74' lang='lat' dir='ltr'>Puorosrrroil.Tnuonnun.</span> 
     </span>
    </p>
   </div>
   <div class='ocr_carea' id='block_1_4' title="bbox 393 3235 1857 3821">
    <p class='ocr_par' dir='ltr' id='par_1_6' title="bbox 393 3235 1857 3821">
     <span class='ocr_line' id='line_1_23' title="bbox 456 3235 1802 3349; baseline 0.005 -36"><span class='ocrx_word' id='word_1_171' title='bbox 456 3267 497 3342; x_wconf 87' lang='lat'>7.</span> <span class='ocrx_word' id='word_1_172' title='bbox 531 3237 619 3346; x_wconf 69' lang='lat' dir='ltr'>Qu</span> <span class='ocrx_word' id='word_1_173' title='bbox 638 3263 773 3330; x_wconf 75' lang='lat' dir='ltr'>curva,</span> <span class='ocrx_word' id='word_1_174' title='bbox 801 3243 897 3319; x_wconf 77' lang='lat' dir='ltr'>inter</span> <span class='ocrx_word' id='word_1_175' title='bbox 921 3267 1040 3322; x_wconf 83' lang='lat' dir='ltr'>amnes</span> <span class='ocrx_word' id='word_1_176' title='bbox 1061 3247 1202 3323; x_wconf 76' lang='lat' dir='ltr'>omnino</span> <span class='ocrx_word' id='word_1_177' title='bbox 1215 3271 1350 3324; x_wconf 77' lang='lat' dir='ltr'>curvat</span> <span class='ocrx_word' id='word_1_178' title='bbox 1366 3245 1479 3338; x_wconf 72' lang='lat' dir='ltr'>eidem</span> <span class='ocrx_word' id='word_1_179' title='bbox 1502 3235 1645 3347; x_wconf 77' lang='lat' dir='ltr'>absciffit</span> <span class='ocrx_word' id='word_1_180' title='bbox 1663 3235 1802 3349; x_wconf 79' lang='lat' dir='ltr'>respon·</span> 
     </span>
     <span class='ocr_line' id='line_1_24' title="bbox 400 3349 1806 3466; baseline 0 -30"><span class='ocrx_word' id='word_1_181' title='bbox 400 3359 520 3436; x_wconf 79' lang='lat' dir='ltr'>dentes</span> <span class='ocrx_word' id='word_1_182' title='bbox 540 3413 550 3444; x_wconf 89' lang='lat'>,</span> <span class='ocrx_word' id='word_1_183' title='bbox 582 3349 687 3446; x_wconf 75' lang='lat' dir='ltr'>babet</span> <span class='ocrx_word' id='word_1_184' title='bbox 706 3353 868 3434; x_wconf 78' lang='lat' dir='ltr'>valorem</span> <span class='ocrx_word' id='word_1_185' title='bbox 889 3359 1104 3466; x_wconf 81' lang='lat' dir='ltr'>expreffronis</span> <span class='ocrx_word' id='word_1_186' title='bbox 1127 3352 1208 3444; x_wconf 65' lang='lat' dir='ltr'>«A</span> <span class='ocrx_word' id='word_1_187' title='bbox 1223 3371 1273 3454; x_wconf 76' lang='lat' dir='ltr'>-i-</span> <span class='ocrx_word' id='word_1_188' title='bbox 1284 3354 1348 3444; x_wconf 75' lang='lat' dir='ltr'>CB</span> <span class='ocrx_word' id='word_1_189' title='bbox 1362 3370 1411 3454; x_wconf 77' lang='lat' dir='ltr'>-i-</span> <span class='ocrx_word' id='word_1_190' title='bbox 1430 3351 1509 3460; x_wconf 69' lang='lat' dir='ltr'>yC</span> <span class='ocrx_word' id='word_1_191' title='bbox 1527 3367 1727 3438; x_wconf 74' lang='lat' dir='ltr'>maximum</span> <span class='ocrx_word' id='word_1_192' title='bbox 1740 3356 1806 3438; x_wconf 82' lang='lat' dir='ltr'>vel</span> 
     </span>
     <span class='ocr_line' id='line_1_25' title="bbox 398 3470 1800 3586; baseline -0.004 -30"><span class='ocrx_word' id='word_1_193' title='bbox 398 3480 610 3556; x_wconf 81' lang='lat' dir='ltr'>minimum,</span> <span class='ocrx_word' id='word_1_194' title='bbox 642 3470 764 3548; x_wconf 77' lang='lat' dir='ltr'>eadem</span> <span class='ocrx_word' id='word_1_195' title='bbox 784 3497 903 3552; x_wconf 74' lang='lat' dir='ltr'>curva</span> <span class='ocrx_word' id='word_1_196' title='bbox 911 3473 1026 3579; x_wconf 79' lang='lat' dir='ltr'>ſsmul</span> <span class='ocrx_word' id='word_1_197' title='bbox 1047 3477 1105 3555; x_wconf 78' lang='lat' dir='ltr'>r&#39;tae</span> <span class='ocrx_word' id='word_1_198' title='bbox 1133 3483 1202 3559; x_wconf 83' lang='lat' dir='ltr'>erit</span> <span class='ocrx_word' id='word_1_199' title='bbox 1221 3501 1453 3586; x_wconf 75' lang='lat' dir='ltr'>comparata,</span> <span class='ocrx_word' id='word_1_200' title='bbox 1481 3500 1524 3558; x_wconf 83' lang='lat' dir='ltr'>ut</span> <span class='ocrx_word' id='word_1_201' title='bbox 1555 3483 1650 3557; x_wconf 80' lang='lat' dir='ltr'>inter</span> <span class='ocrx_word' id='word_1_202' title='bbox 1681 3501 1800 3555; x_wconf 82' lang='lat' dir='ltr'>omnes</span> 
     </span>
     <span class='ocr_line' id='line_1_26' title="bbox 398 3583 1857 3704; baseline -0.002 -34"><span class='ocrx_word' id='word_1_203' title='bbox 398 3616 554 3681; x_wconf 75' lang='lat' dir='ltr'>curvas,</span> <span class='ocrx_word' id='word_1_204' title='bbox 576 3615 648 3694; x_wconf 73' lang='lat' dir='ltr'>qua</span> <span class='ocrx_word' id='word_1_205' title='bbox 665 3608 745 3666; x_wconf 77' lang='lat' dir='ltr'>ram</span> <span class='ocrx_word' id='word_1_206' title='bbox 768 3583 1180 3703; x_wconf 68' lang='lat' dir='ltr'>exptejswnemAqrtaem</span> <span class='ocrx_word' id='word_1_207' title='bbox 1194 3597 1433 3704; x_wconf 79' lang='lat' dir='ltr'>expteffionem</span> <span class='ocrx_word' id='word_1_208' title='bbox 1456 3587 1801 3695; x_wconf 74' lang='lat' dir='ltr'>Bcammunemba·</span> <span class='ocrx_word' id='word_1_209' title='bbox 1854 3597 1857 3604; x_wconf 86' lang='lat'>&#39;</span> 
     </span>
     <span class='ocr_line' id='line_1_27' title="bbox 393 3702 1708 3821; baseline 0.005 -37"><span class='ocrx_word' id='word_1_210' title='bbox 393 3702 511 3804; x_wconf 58' lang='lat' dir='ltr'>‚berth</span> <span class='ocrx_word' id='word_1_211' title='bbox 535 3704 703 3815; x_wconf 76' lang='lat' dir='ltr'>poffideaet</span> <span class='ocrx_word' id='word_1_212' title='bbox 723 3705 883 3786; x_wconf 68' lang='lat' dir='ltr'>oaorem</span> <span class='ocrx_word' id='word_1_213' title='bbox 897 3711 1115 3821; x_wconf 63' lang='lat' dir='ltr'>‚expreffionis</span> <span class='ocrx_word' id='word_1_214' title='bbox 1133 3705 1176 3802; x_wconf 85' lang='lat' dir='ltr'>C</span> <span class='ocrx_word' id='word_1_215' title='bbox 1197 3721 1400 3797; x_wconf 76' lang='lat' dir='ltr'>maximum</span> <span class='ocrx_word' id='word_1_216' title='bbox 1421 3715 1487 3798; x_wconf 84' lang='lat' dir='ltr'>vel</span> <span class='ocrx_word' id='word_1_217' title='bbox 1508 3716 1708 3794; x_wconf 74' lang='lat' dir='ltr'>minimum.</span> 
     </span>
    </p>
   </div>
   <div class='ocr_carea' id='block_1_5' title="bbox 621 3993 1462 4090">
    <p class='ocr_par' dir='ltr' id='par_1_7' title="bbox 621 3993 1462 4090">
     <span class='ocr_line' id='line_1_28' title="bbox 621 3993 1462 4090; baseline 0.014 -28"><span class='ocrx_word' id='word_1_218' title='bbox 621 4075 630 4090; x_wconf 47' lang='lat'>,</span> <span class='ocrx_word' id='word_1_219' title='bbox 743 3993 1462 4078; x_wconf 70' lang='lat' dir='ltr'>pzmontanaarn</span> 
     </span>
    </p>
   </div>
   <div class='ocr_carea' id='block_1_6' title="bbox 375 4183 1871 4774">
    <p class='ocr_par' dir='ltr' id='par_1_8' title="bbox 375 4183 1871 4668">
     <span class='ocr_line' id='line_1_29' title="bbox 460 4183 1805 4319; baseline 0.014 -48"><span class='ocrx_word' id='word_1_220' title='bbox 460 4183 670 4284; x_wconf 88' lang='lat' dir='ltr'>Denotant</span> <span class='ocrx_word' id='word_1_221' title='bbox 686 4190 753 4278; x_wconf 88' lang='lat' dir='ltr'>bie</span> <span class='ocrx_word' id='word_1_222' title='bbox 779 4194 896 4280; x_wconf 87' lang='lat' dir='ltr'>nobis</span> <span class='ocrx_word' id='word_1_223' title='bbox 909 4195 1045 4286; x_wconf 79' lang='lat' dir='ltr'>litterar</span> <span class='ocrx_word' id='word_1_224' title='bbox 1067 4199 1135 4304; x_wconf 85' lang='lat' dir='ltr'>A,</span> <span class='ocrx_word' id='word_1_225' title='bbox 1153 4199 1191 4288; x_wconf 88' lang='grc' dir='ltr'><em>Β</em></span> <span class='ocrx_word' id='word_1_226' title='bbox 1203 4203 1243 4286; x_wconf 89' lang='lat'>&amp;</span> <span class='ocrx_word' id='word_1_227' title='bbox 1264 4198 1304 4287; x_wconf 88' lang='lat' dir='ltr'><em>C</em></span> <span class='ocrx_word' id='word_1_228' title='bbox 1315 4199 1498 4290; x_wconf 86' lang='lat' dir='ltr'>formulas</span> <span class='ocrx_word' id='word_1_229' title='bbox 1512 4193 1805 4319; x_wconf 71' lang='lat' dir='ltr'>&#39;integraleevel</span> 
     </span>
     <span class='ocr_line' id='line_1_30' title="bbox 375 4301 1805 4434; baseline 0.008 -42"><span class='ocrx_word' id='word_1_230' title='bbox 375 4301 654 4425; x_wconf 44' lang='lat' dir='ltr'>⁸‚enpreffiones</span> <span class='ocrx_word' id='word_1_231' title='bbox 682 4306 898 4398; x_wconf 83' lang='lat' dir='ltr'>indefinitas</span> <span class='ocrx_word' id='word_1_232' title='bbox 919 4311 1148 4424; x_wconf 85' lang='lat' dir='ltr'>ejusmodi,</span> <span class='ocrx_word' id='word_1_233' title='bbox 1190 4343 1276 4434; x_wconf 73' lang='lat' dir='ltr'>qua·</span> <span class='ocrx_word' id='word_1_234' title='bbox 1309 4321 1467 4414; x_wconf 81' lang='lat' dir='ltr'>maximi</span> <span class='ocrx_word' id='word_1_235' title='bbox 1497 4321 1698 4406; x_wconf 88' lang='lat' dir='ltr'>minimive</span> <span class='ocrx_word' id='word_1_236' title='bbox 1735 4319 1805 4404; x_wconf 89' lang='lat' dir='ltr'>fint</span> 
     </span>
     <span class='ocr_line' id='line_1_31' title="bbox 397 4423 1803 4549; baseline 0.005 -37"><span class='ocrx_word' id='word_1_237' title='bbox 397 4449 581 4538; x_wconf 71' lang='lat' dir='ltr'>capacest</span> <span class='ocrx_word' id='word_1_238' title='bbox 613 4433 653 4512; x_wconf 83' lang='lat' dir='ltr'>at</span> <span class='ocrx_word' id='word_1_239' title='bbox 680 4423 813 4510; x_wconf 87' lang='lat' dir='ltr'>littetae</span> <span class='ocrx_word' id='word_1_240' title='bbox 840 4464 890 4516; x_wconf 72' lang='lat' dir='ltr'>e,</span> <span class='ocrx_word' id='word_1_241' title='bbox 912 4431 951 4514; x_wconf 73' lang='lat' dir='ltr'>G,</span> <span class='ocrx_word' id='word_1_242' title='bbox 968 4467 996 4530; x_wconf 73' lang='grc' dir='ltr'><em>γ</em></span> <span class='ocrx_word' id='word_1_243' title='bbox 1015 4434 1212 4548; x_wconf 86' lang='lat' dir='ltr'>defignant</span> <span class='ocrx_word' id='word_1_244' title='bbox 1243 4441 1476 4549; x_wconf 86' lang='lat' dir='ltr'>quantitates</span> <span class='ocrx_word' id='word_1_245' title='bbox 1506 4438 1724 4524; x_wconf 83' lang='lat' dir='ltr'>constantes</span> <span class='ocrx_word' id='word_1_246' title='bbox 1747 4463 1803 4520; x_wconf 89' lang='lat' dir='ltr'>ar-</span> 
     </span>
     <span class='ocr_line' id='line_1_32' title="bbox 399 4538 1871 4668; baseline -0.003 -29"><span class='ocrx_word' id='word_1_247' title='bbox 399 4543 587 4647; x_wconf 62' lang='lat' dir='ltr'>bitraria&amp;</span> <span class='ocrx_word' id='word_1_248' title='bbox 646 4538 705 4632; x_wconf 85' lang='lat' dir='ltr'>Sit</span> <span class='ocrx_word' id='word_1_249' title='bbox 726 4567 828 4654; x_wconf 76' lang='lat' dir='ltr'>nunt¹</span> <span class='ocrx_word' id='word_1_250' title='bbox 850 4547 915 4664; x_wconf 63' lang='lat' dir='ltr'>Q,</span> <span class='ocrx_word' id='word_1_251' title='bbox 930 4573 1069 4657; x_wconf 82' lang='lat' dir='ltr'>cruva,</span> <span class='ocrx_word' id='word_1_252' title='bbox 1094 4581 1179 4666; x_wconf 83' lang='lat' dir='ltr'>quat</span> <span class='ocrx_word' id='word_1_253' title='bbox 1200 4553 1299 4662; x_wconf 83' lang='lat' dir='ltr'>in&#39;tet</span> <span class='ocrx_word' id='word_1_254' title='bbox 1319 4581 1456 4668; x_wconf 79' lang='lat' dir='ltr'>omnes</span> <span class='ocrx_word' id='word_1_255' title='bbox 1486 4555 1652 4642; x_wconf 89' lang='lat' dir='ltr'>omnino</span> <span class='ocrx_word' id='word_1_256' title='bbox 1671 4577 1806 4637; x_wconf 85' lang='lat' dir='ltr'>curvas</span> <span class='ocrx_word' id='word_1_257' title='bbox 1867 4551 1871 4558; x_wconf 84' lang='lat'>&#39;</span> 
     </span>
    </p>

    <p class='ocr_par' dir='ltr' id='par_1_9' title="bbox 1664 4669 1807 4774">
     <span class='ocr_line' id='line_1_33' title="bbox 1664 4669 1807 4774; baseline 0.021 -21"><span class='ocrx_word' id='word_1_258' title='bbox 1664 4669 1807 4774; x_wconf 59' lang='lat' dir='ltr'>babeat</span> 
     </span>
    </p>
   </div>
   <div class='ocr_carea' id='block_1_7' title="bbox 0 0 2164 5600">
    <p class='ocr_par' dir='ltr' id='par_1_10' title="bbox 0 0 2164 5600">
     <span class='ocr_line' id='line_1_34' title="bbox 0 0 2164 5600; baseline 0 0"><span class='ocrx_word' id='word_1_259' title='bbox 0 0 2164 5600; x_wconf 95' lang='lat' dir='ltr'> </span> 
     </span>
    </p>
   </div>
  </div>
 </body>
</html>
