4284 5600
463 489 551 590 238·
669 489 675 496 ·
798 485 966 564 -ne
1036 469 1447 564 ms'ttio'oo

466 670 627 762 quoque
647 666 743 725 vero
761 661 901 753 genere
918 666 990 725 una
1012 643 1083 725 erit
1101 665 1229 740 curva,
1241 671 1326 755 qua
1342 672 1416 757 prae
1434 631 1589 754 reliquis
1607 639 1782 729 valorem
1805 667 1872 728 ex·

467 760 662 880 pressionis
685 757 722 842 Β
745 762 939 844 continent
963 762 1170 848 maximum
1199 764 1261 845 vel
1281 765 1495 846 minimum.
1557 752 1723 842 Necesse
1741 784 1872 845 autem

464 882 523 965 est
542 881 607 960 has
625 903 760 958 curvas
784 871 1046 960 satisfacientes
1070 906 1204 960 omnes
1228 880 1265 962 in
1279 875 1485 963 Solutione
1504 875 1671 987 generali
1696 879 1871 960 eontine-

467 997 683 1085 ridebere.
746 991 855 1075 Cum
891 996 1045 1104 igitur,
1086 996 1140 1076 ob
1171 1022 1283 1078 unam
1323 998 1598 1106 proprietatem
1626 1018 1874 1080 communem

407 1177 414 1190 .
469 1116 716 1227 prescriptam
758 1137 1142 1196 numeruscurvarnm
1162 1107 1466 1196 satisfacientium
1482 1107 1546 1191 fiat
1567 1106 1757 1203 infinitus,
1776 1112 1871 1194 mul·

465 1259 514 1315 ro
539 1233 655 1341 magis
678 1229 707 1306 is
730 1229 961 1339 augebitur,
996 1255 1151 1338 propter
1171 1228 1334 1313 eandem
1349 1231 1563 1322 rationem,
1597 1223 1622 1308 st
1645 1227 1873 1338 plurespro-

356 1451 361 1460 Ι
471 1350 650 1461 prietates
684 1371 907 1428 communes
942 1370 1239 1455 proponantur.·
1280 1341 1436 1430 interim
1468 1369 1596 1428 tamen
1631 1341 1871 1444 stvalores,

471 1493 569 1576 quos
596 1463 739 1544 habent
759 1459 905 1576 fingulae
925 1465 1176 1572 proprietates
1201 1489 1425 1549 communes
1444 1463 1486 1546 in
1507 1459 1633 1542 curvis
1663 1489 1711 1542 err
1732 1463 1872 1574 quibus

424 1629 428 1636 ·
472 1578 661 1686 quasnam
679 1577 758 1669 erui
773 1604 930 1688 oportet
943 1584 1024 1661 astu
1049 1576 1298 1678 definiantur,
1310 1605 1392 1664 tum
1412 1581 1545 1690 utique
1562 1568 1703 1661 solutio
1722 1581 1872 1661 unicam

471 1692 648 1778 Curram
673 1689 957 1786 utissacientem
978 1695 1176 1806 praebebit.
1239 1692 1473 1792 Constantes
1495 1689 1633 1777 scilicet
1649 1693 1720 1778 iiiae
1741 1723 1795 1778 eo
1813 1696 1870 1776 in·

472 1811 636 1896 servient
656 1837 698 1892 ut
725 1813 893 1900 vaiores,
915 1839 1016 1924 quos
1038 1814 1288 1922 proprietates
1306 1833 1530 1897 communes
1545 1811 1582 1892 in
1605 1837 1719 1896 curva
1738 1813 1871 1894 inven-¹

473 1955 513 2022 ta
539 1929 799 2024 obtinebunt,
832 1955 903 2037 pro
937 1928 1094 2010 arbitrio
1124 1927 1447 2020 determinenturr
1481 1927 1559 2026 fic,
1590 1955 1655 2040 pet
1676 1927 1741 2010 has
1761 1921 1871 2014 cons·

471 2072 623 2135 rantes,
656 2047 694 2125 in
714 2035 798 2126 ⁴casu
818 2045 978 2126 duarum
1001 2047 1277 2156 proprietatum
1300 2047 1564 2130 communium
1588 2041 1637 2139 Α,
1660 2051 1700 2128 &
1716 2042 1772 2144 B,
1789 2073 1871 2128 cur·

473 2192 524 2246 va
552 2163 699 2274 poterit
716 2158 884 2271 assignari
904 2188 990 2272 qnae
1016 2161 1129 2244 datos
1153 2161 1430 2273 expressionum
1453 2163 1493 2245 A
1511 2167 1551 2244 δι
1570 2161 1605 2246 Β
1623 2161 1781 2274 recipiat
1806 2187 1869 2243 va·

472 2281 604 2376 iores,
636 2303 752 2386 atque
775 2272 922 2386 insuper
944 2279 995 2360 ita
1019 2277 1060 2358 stt
1080 2303 1299 2390 comparata
1319 2305 1387 2376 ut,
1418 2280 1517 2363 inter
1548 2307 1684 2363 omnes
1709 2275 1871 2361 infinitas

472 2398 564 2479 alias
594 2388 752 2478 eosdem
773 2395 919 2478 illarum
941 2393 1215 2505 expressionum
1243 2394 1291 2480 A
1308 2401 1347 2480 ἀ
1374 2393 1412 2478 Β
1440 2397 1589 2482 vnlores
1612 2397 1870 2506 recipientes,

469 2512 613 2596 habeat
637 2511 808 2594 valorem
830 2511 925 2594 alius
957 2507 1211 2627 cujuscunque
1237 2511 1480 2625 expressionis
1504 2511 1547 2596 C
1569 2515 1778 2604 maximum
1810 2511 1873 2596 vei

472 2630 687 2710 minimum.
738 2623 887 2740 'Atque
907 2627 989 2720 ¹hac
1009 2629 1152 2722 *eadem
1166 2629 1384 2726 admonitio
1408 2632 1539 2720 iocum
1560 2633 1705 2722 habet,
1739 2627 1767 2712 si
1787 2629 1871 2738 plu-

471 2772 532 2829 res
558 2745 809 2856 proprietates
828 2771 1056 2838 ‚communes
1079 2743 1219 2831 suerint
1242 2741 1483 2860 praescriptas
1498 2775 1546 2832 ex
1568 2773 1648 2859 quo
1672 2737 1757 2828 satis
1772 2735 1872 2854 pers·

458 2862 626 2972 ,picuum
657 2861 741 2959 est,
781 2859 876 2973 qnid
898 2861 998 2956 hisce
1021 2864 1290 2954 constantibus.
1305 2866 1344 2948 in
1358 2863 1601 2958 solutionem
1627 2857 1873 2976 ingredienti-

473 2977 547 3070 bus
575 2974 890 3077 senciendum,
923 2985 962 3062 ot
991 2979 1198 3088 quomodo
1218 3009 1282 3066 eas
1301 2982 1353 3065 ad
1380 2978 1484 3067 usum
1506 2981 1653 3066 traduci
1673 2998 1870 3090 oporteatt

476 3095 520 3205 id
542 3093 654 3210 quod
674 3095 715 3182 in
737 3090 980 3212 sequentibus
1006 3092 1202 3234 Exemplis
1221 3099 1355 3202 clarius
1383 3097 1564 3188 declarati
1581 3099 1740 3214 poterit.

699 3381 702 3392 .
897 3319 1334 3426 Examraum
1391 3315 1424 3404 L

327 3579 391 3665 ἧς,
407 3590 453 3647 ,4
539 3553 608 3612 az.
638 3522 738 3610 Inter
753 3556 873 3610 omnes
893 3556 1027 3610 curvas
1048 3535 1101 3612 ad
1113 3536 1258 3614 eandem
1281 3533 1459 3642 assctfflam
1487 3529 1580 3618 AC
1593 3561 1690 3618 :za
1711 3538 1871 3630 relatas,

351 3645 353 3650 ’
502 3673 550 3726 tta
569 3675 650 3726 cum
672 3656 767 3728 inter
775 3643 821 3752 fi
845 3647 994 3754 ejuſslem
1002 3648 1077 3754 ſsnt
1096 3653 1351 3759 longitudinis,
1377 3676 1456 3734 tum
1477 3661 1585 3732 etiam
1605 3655 1748 3762 aquales
1767 3681 1873 3744 areas

475 3675 632 3854 BAD
662 3759 990 3874 comprehendunt
1021 3769 1254 3849 determinare
1283 3799 1387 3857 eam,
1419 3801 1490 3880 qut
1521 3780 1615 3850 circa
1638 3795 1741 3850 mem
1771 3761 1874 3855 AC

471 3907 595 3986 rotata
603 3905 749 3993 generet
757 3879 919 3990 solidum
944 3890 1108 3968 maxime
1126 3888 1192 3964 vel
1210 3893 1360 4016 pintima
1380 3895 1599 3998 capariam.

425 4203 436 4224 0
536 4091 672 4180 Postis
697 4089 847 4184 abscissa
868 4090 1100 4198 Asz,
1131 4103 1317 4212 applicata
1336 4097 1433 4192 PM
1448 4137 1542 4212 τε]
1566 4109 1606 4186 &
1628 4105 1680 4212 dy
1699 4103 1871 4213 πρόιτε

475 4211 576 4296 binae
603 4215 855 4321 proprietates
870 4241 1093 4309 communes
1112 4219 1313 4330 propositae
1336 4215 1516 4330 suntsydx
1526 4219 1874 4328 &ſsixss(1÷pp)s

474 4356 515 4428 ar
543 4331 699 4410 maximi
731 4332 928 4422 minimive
966 4333 1128 4418 s'ormuia
1153 4339 1205 4424 est
1216 4335 1381 4450 syydx.
1445 4333 1678 4444 Quaerantur
1705 4337 1781 4443 iarn
1811 4335 1875 4414 ha·

441 4545 448 4558 ι
476 4445 560 4530 rum'
579 4447 691 4530 trium
714 4441 959 4546 formosarum
989 4451 1136 4538 naiores
1159 4451 1440 4537 differentiales.
1482 4447 1547 4536 Ac
1572 4449 1877 4563 primoquidem

474 4565 548 4658 etit
569 4561 742 4662 formulae
757 4558 890 4674 syris
918 4567 1028 4678 nasot
1057 4563 1314 4676 differentialis
1330 4605 1399 4648 a
1418 4603 1489 4664 m.
1507 4571 1605 4664 das
1632 4565 1779 4662 deinde
1798 4563 1878 4770 folr-

481 4715 507 4755 ·.
1769 4708 1832 4778 mu
1850 4708 1882 4770 a?
