4228 5602
632 423 1228 524 rrarrrcrr.
1590 389 1746 558 ³³83*

271 567 430 670 ixhlbul
453 573 492 666 in
510 569 710 670 Commeat.
732 581 905 691 Petropol.
930 572 1074 668 Tomo
1095 573 1212 670 v11.
1244 573 1306 668 Ea
1328 569 1405 668 stoc
1424 585 1556 674 autem
1575 605 1679 676 tem·'

269 727 394 816 pote,
424 728 513 784 cum
540 699 635 784 mihi
657 698 903 785 commodius
942 699 1020 784 hoc
1051 693 1261 786 Problema
1281 705 1439 790 trasiate
1466 703 1630 819 contigit
1660 737 1674 802 ς

268 843 352 906 tum
374 818 491 906 etiam
508 845 576 930 pet
596 817 874 904 commercium
902 842 992 902 cum
1017 813 1564 912 Celeb.BnRNOuLL10
1590 826 1677 937 plu·

268 963 328 1024 tes
345 934 577 1022 atceslemnt
599 933 682 1019 alia
701 934 929 1048 quaestiones
955 939 996 1024 dt
1013 931 1364 1028 considerationes.
1398 963 1557 1051 quarum
1577 965 1677 1036 eno«

180 1131 202 1176 ‚
269 1052 484 1151 dationem,
497 1050 553 1136 ob
568 1052 733 1138 materia
747 1049 994 1151 affinitatem,
1025 1051 1089 1135 hic
1102 1049 1332 1166 adjungam.'
1352 1049 1675 1163 Quandoautem

268 1193 400 1254 motus
418 1166 650 1256 vibratorius
666 1169 722 1257 est
740 1163 827 1253 satis
844 1191 1047 1281 promtus,
1065 1188 1149 1250 tum
1173 1167 1278 1254 simul
1296 1170 1473 1256 alamina
1495 1172 1674 1260 vibrante

264 1280 379 1370 sonus
396 1281 545 1387 editur,
570 1288 678 1394 cnjus
705 1305 819 1372 tenor
849 1303 894 1369 a'c
915 1285 1053 1370 relatio
1074 1284 1130 1371 ad
1155 1287 1280 1388 alios,
1303 1313 1381 1398 ope
1407 1285 1589 1374 dosttinae
1619 1290 1671 1376 de

265 1397 379 1494 sonis,
405 1429 453 1488 ex
462 1403 521 1487 his
539 1405 737 1516 principiis
748 1401 1078 1488 determinabitur.
1123 1398 1193 1489 vEt
1208 1403 1395 1518 quoniam
1413 1397 1595 1494 sonorum
1614 1406 1671 1492 in·

265 1517 378 1606 doles
410 1515 588 1605 facillime
622 1519 674 1606 ad
698 1519 964 1632 expetimema
995 1541 1225 1610 revocatutt
1259 1521 1337 1604 hoc
1359 1518 1441 1632 ipso
1473 1517 1675 1609 consensus

265 1635 402 1721 calculi
425 1656 513 1720 cum
536 1636 699 1722 veritate
729 1635 945 1748 explorari,
975 1659 1094 1748 atque
1117 1635 1220 1722 adeo
1252 1633 1432 1724 Theoria
1456 1637 1673 1725 confirmati

264 1753 409 1864 poterit
444 1785 453 1834 :
486 1777 570 1862 quo
595 1755 738 1866 paeto,
770 1751 951 1865 cognitio
977 1753 1103 1838 nostra
1131 1754 1229 1838 circa
1261 1777 1435 1840 naturam
1463 1781 1672 1869 corporum

265 1869 505 1956 clasticotum
522 1881 611 1952 'non
631 1891 763 1977 parum
784 1865 1087 1980 amplificabitur.

324 2001 393 2094 64.
425 1980 596 2070 Primum
619 2003 746 2067 autem
765 1981 1006 2069 monendum
1024 1985 1105 2085 eli,
1137 1981 1203 2072 hic
1223 2007 1375 2072 tantum
1402 1986 1502 2074 circa
1521 1981 1670 2076 oscilla·
1726 1997 1733 2006 '

265 2100 396 2187 tiones
423 2100 600 2184 minimas
629 2099 879 2213 questionem
904 2099 1085 2192 instituit
1115 2124 1234 2216 atque
1257 2101 1360 2188 adeo
1389 2105 1667 2204 intervallum,
1713 2193 1721 2208 ,

264 2247 333 2332 per
357 2217 468 2332 quod
499 2217 640 2301 lamina
664 2218 765 2301 inter
793 2211 1045 2304 oscillandum
1069 2217 1256 2319 excurrit,
1282 2215 1357 2306 esse
1381 2219 1485 2335 quafi
1520 2219 1670 2309 infinite

263 2361 435 2450 parvum.
496 2329 646 2446 Neque
664 2361 761 2420 vero
773 2394 787 2436 ,
802 2335 873 2418 hac
895 2335 1154 2435 limitatione,
1169 2327 1253 2421 usus
1280 2336 1543 2452 &applicatio
1557 2339 1672 2450 quic·

294 2481 383 2537 uam
411 2451 662 2537 diminuitur:
693 2479 775 2536 non
798 2447 921 2538 solum
942 2454 1047 2538 enim
1069 2447 1350 2553 oscillationes,
1383 2449 1501 2567 fiper
1524 2454 1673 2562 majora

262 2480 294 2656 s
305 2571 381 2654 atia
407 2567 573 2668 fierent,
604 2563 881 2654 isochronisno
899 2571 1223 2662 destituerenturr
1255 2563 1320 2655 sed
1350 2569 1467 2655 etiam
1487 2565 1671 2657 sonorum

261 2601 523 2774 dstinuomm
549 2682 760 2786 formatio,
790 2685 843 2771 'ad
863 2714 980 2800 quam
1001 2689 1067 2772 hic
1087 2681 1575 2799 potissrmumspestamus,
1591 2687 1671 2774 mi-

261 2805 382 2888 nimas
399 2797 848 2914 oscillationestequirit.
911 2801 1133 2917 Considero
1150 2803 1265 2916 igitur
1287 2803 1351 2889 hic
1370 2806 1535 2916 primum
1556 2805 1668 2890 lami·

261 2945 352 3006 nam
372 2919 563 3001 classicam
586 2916 820 3000 uniformem
844 2920 1063 3000 naturaliter
1085 2923 1253 3014 testam,
1267 2930 1270 2936 ’
1284 2924 1392 3020 cujus
1413 2924 1509 3002 alter
1532 2921 1667 3005 termi-

262 3061 334 3122 nus
353 3029 388 3120 B
407 3031 633 3147 pavimento
654 3029 847 3116 immobili
867 3032 1026 3116 firmiter
1042 3028 1087 3116 stt
1112 3027 1273 3132 infixus,
1294 3029 1348 3113 ita
1372 3033 1574 3118 uelamina
1594 3034 1664 3120 stbi
1695 3071 1756 3153 ηε,
1772 3091 1819 3138 20,

262 3151 391 3238 telida
419 3147 531 3234 suum
559 3168 688 3234 teneat
713 3151 857 3232 tedium
886 3141 988 3236 BA·
1049 3144 1108 3236 Sit
1135 3147 1249 3255 hujus
1279 3146 1427 3234 lamine
1453 3149 1671 3266 longitudo*

263 3263 497 3366 Asszae,
519 3257 677 3379 ejusque
709 3262 909 3351 elasiicitas
929 3257 1104 3352 absoluta
1127 3263 1168 3348 in
1186 3262 1340 3377 fingulis
1361 3264 1540 3350 locis:
1563 3265 1660 3362 fill,

262 3385 315 3474 ab
346 3387 429 3492 ejus
455 3409 551 3468 vero
579 3380 754 3495 pondere
777 3383 844 3468 vei
873 3395 1044 3470 mentem
1062 3406 1315 3482 revocamus,
1346 3384 1412 3469 vel
1437 3381 1663 3472 infixionem
1755 3431 1758 3437 ,
1800 3454 1802 3458 .

264 3493 453 3612 ejusmodi
473 3499 699 3594 statuimus,
733 3519 775 3585 ut
800 3499 881 3610 eius
898 3500 1014 3586 status
1032 3525 1056 3586 a
1078 3499 1265 3613 gravitate
1283 3498 1427 3584 turbati
1451 3516 1633 3614 nequeat.
1822 3599 1825 3604 ¹

321 3613 394 3726 σς.
424 3616 514 3729 Jam
534 3617 677 3702 lamina
699 3617 780 3701 hac
796 3643 819 3703 a
838 3617 880 3702 vi
907 3643 1139 3732 quacunque
1158 3615 1211 3700 im
1241 3609 1316 3700 ussa
1336 3617 1573 3705 vibrationes
1590 3639 1670 3732 peg'
1700 3626 1829 3728 popu
1916 3664 1934 3670 -

263 3758 369 3850 ragat
390 3735 590 3828 minimas,
622 3733 721 3822 circa
744 3732 882 3820 ilatum
913 3731 1124 3822 naturalem
1148 3729 1182 3821 B
1258 3731 1436 3848 utrinque
1462 3738 1661 3821 excurten'·
1679 3713 1829 3856 mm

265 3853 321 3940 do
346 3879 415 3965 per
438 3851 596 3940 minima
617 3851 818 3941 intervalla
841 3847 931 3939 Aa.
990 3849 1127 3969 Sitque
1155 3845 1291 3940 BMa
1321 3851 1435 3938 slatus
1454 3845 1661 3965 quispiam,
1679 3875 1790 3957 amu

262 3995 383 4084 quem
410 3968 551 4056 lamina
573 3971 672 4071 inter
695 3964 944 4058 oscillandum
968 3993 1106 4080 tenetr
1139 3969 1406 4082 quiquoniam
1428 3965 1576 4054 infinite
1593 3993 1660 4079 pa·
1679 3959 1831 4099 gum

262 4112 347 4174 tum
368 4105 518 4171 tantum
543 4083 656 4170 distat
674 4093 707 4170 'a
725 4087 820 4171 statu
839 4089 1000 4178 naturali
1021 4079 1182 4183 BPA,
1213 4088 1321 4168 tedia
1351 4079 1406 4170 M
1423 4079 1476 4185 P,
1507 4081 1586 4172 Aa
1616 4083 1659 4169 fi·
1681 4118 1826 4196 rousfixae.

263 4204 344 4290 mul
366 4197 684 4317 representabunt
715 4203 824 4303 vias,
854 4202 1122 4318 quaslaminae
1141 4205 1279 4316 ponda
1303 4197 1357 4289 M
1389 4205 1429 4286 dt
1455 4227 1479 4286 a
1507 4205 1663 4314 percut-

261 4344 378 4420 tunt,
409 4321 472 4407 vel
495 4322 625 4432 potius
648 4325 706 4404 hat
723 4321 831 4405 tedia
851 4320 901 4406 ad
922 4319 1004 4405 vias
1022 4345 1131 4404 vetas
1151 4320 1340 4406 rationem
1353 4317 1552 4433 habebunt
1567 4345 1590 4402 a
1605 4343 1663 4404 ra·

263 4439 372 4526 tione
394 4437 621 4552 aequalitatis
645 4434 793 4523 infinite
818 4462 949 4550 patum
980 4430 1269 4550 discrepantem.
1329 4433 1571 4554 Admotum
1597 4455 1667 4518 au·

264 4575 343 4640 tem
366 4549 638 4664 oscillatorium
660 4553 1022 4763 determinandqqn,
1053 4549 1235 4646 absolute'
1258 4557 1406 4647 necesse
1424 4555 1478 4642 eil
1494 4573 1669 4638 naturam

1002 4699 1029 4762 n
1090 4701 1113 4756 a
1546 4691 1670 4754 curvae
